2018 3204
159 161 248 197 CAP.
269 158 394 206 XXI]
441 162 508 196 DE
538 161 809 196 POENARUM
839 158 1320 195 COMMUNIOATIONE.
1529 152 1613 191 343

162 271 268 312 tium
294 270 488 325 pulsant.
564 270 746 324 Cumque
786 270 1026 312 Laurentes
1050 269 1151 323 jure
1189 269 1378 324 yentium
1425 274 1612 322 afferent,

161 337 281 391 apud
336 337 514 377 Tatium
555 337 707 389 qratia
752 349 926 376 suorum
965 343 1005 376 et
1042 349 1190 389 preces
1222 335 1327 389 plus
1361 340 1610 389 potuerunt.

159 403 304 455 Iyitur
338 402 512 442 illorum
538 415 711 455 poenam
746 401 794 441 in
827 415 870 442 se
904 402 1041 441 vertit.
1112 401 1206 441 Huc
1240 398 1405 454 proprie
1433 397 1613 453 pertinet
1670 427 1673 431 ›

159 465 259 507 illud
284 465 463 507 Salviani
487 466 538 506 de
561 464 752 521 regibus:
789 467 1021 507 mPotestas
1051 480 1212 520 mayna
1242 473 1280 506 et
1296 465 1609 519 potentissima,
1630 478 1670 531 pne
1683 477 1749 532 ‘1³5³
1762 477 1824 506 Det,

160 546 253 586 quce
269 532 496 585 prohibere
523 531 656 573 scelus
687 532 923 572 maximum
946 539 1099 586 potest,
1127 532 1253 583 quasi
1278 531 1439 585 probat
1466 530 1612 571 debere
1669 525 1674 531 ’
1719 525 1725 531 ’

151 598 254 650 fieri
275 598 315 638 si
337 598 472 638 sciens
489 597 664 650 patitur
679 597 940 650 perpetrari.
1000 595 1057 637 Et
1080 596 1191 651 apud
1216 595 1500 651 Thucydidem
1524 600 1610 635 est:

159 659 182 704 ὁ
205 655 424 710 δυνάμενος
451 664 627 709 παῦσαι,
655 659 952 721 ἀληθέστερον
977 655 1069 720 δρᾷ·
1104 663 1246 716 mayis
1280 662 1353 703 ille
1371 662 1508 714 facit,
1538 661 1613 713 qui
1630 668 1770 693 Lib-i-69·

152 735 293 782 potest
318 728 556 781 prohibere.
616 726 684 767 Sic
717 727 827 782 apud
863 726 1022 768 Livium
1052 727 1246 769 Veientes
1283 732 1324 767 et
1359 725 1496 767 Latini
1528 726 1613 766 Ro-
1630 740 1782 794 kggkissqb

160 792 291 834 manis
321 807 364 833 se
395 798 604 842 excusant,
637 792 746 847 quod
776 792 913 834 hostes
947 806 1087 833 eorum
1117 807 1142 833 a
1171 791 1344 833 subditis
1374 790 1456 832 suis
1483 789 1614 845 adjuti
1683 788 1689 794 “
1732 789 1737 794 ”
1783 789 1789 794 ”

161 864 307 907 essent,
335 872 378 899 se
399 857 544 900 insciis.
616 858 769 899 Contra
794 858 937 899 Teutae
968 857 1123 913 reginae
1149 857 1386 914 Illyriorum
1409 870 1491 896 non
1513 855 1614 896 acei-
1633 872 1802 903 Polyb.ii.8.

161 923 272 979 pitur
293 923 518 972 excusatio,
534 923 643 979 quod
667 922 821 965 diceret
844 937 925 964 non
949 937 974 964 a
995 937 1050 972 se,
1068 923 1139 964 sed
1163 937 1189 964 a
1206 921 1379 963 subditis
1402 920 1615 976 piraticam

161 989 369 1031 exerceri:
404 1003 536 1044 neque
556 988 662 1030 enim
687 988 940 1043 prohibebat.
1010 988 1147 1030 nOlim
1169 988 1221 1029 ab
1244 985 1616 1043 Amphictyonibus

161 1054 343 1096 damnati
385 1054 532 1111 Scyrii,
574 1053 684 1110 quod
723 1068 887 1095 suorum
931 1054 1125 1109 quosdam
1165 1052 1379 1109 piraticam
1423 1065 1616 1094 exercere

160 1120 432 1176 patiebantur.

257 1187 283 1227 6
327 1184 432 1226 Sciri
461 1189 598 1227 autem
629 1183 748 1226 facile
779 1191 841 1227 est
871 1190 918 1227 ut
949 1190 1249 1241 praesumantur
1277 1200 1369 1241 quae
1401 1183 1616 1241 conspicua

157 1301 279 1340 τέσχες
287 1301 354 1331 τῶν
362 1300 631 1339 τετολμημένωνς
644 1300 770 1329 ἐπαινῶ
778 1301 855 1329 τοῦ-

159 1362 199 1380 το
221 1353 275 1380 καὶ
300 1350 518 1389 ἀποδέχομαι.
540 1349 619 1379 ἀλλ’
635 1350 698 1379 οὐδ’
714 1349 856 1388 ἐπέσχες

158 1401 204 1430 ‘ra‘
221 1400 392 1438 γενόμενα·
413 1401 517 1430 τοῦτο
534 1399 737 1437 κατηγορίας
751 1399 856 1436 ἄξιον·

158 1451 195 1479 ob
207 1451 263 1480 hoc
273 1452 381 1489 ipsum,
396 1450 694 1489 inquit‚fhrpoena8,
708 1452 735 1478 et
746 1449 857 1478 ultima

159 1500 208 1529 lue
233 1500 391 1537 supplicia
413 1500 496 1537 quod
520 1508 580 1527 non
605 1498 749 1536 adfuisti,
774 1498 858 1536 quod

159 1558 219 1578 non
241 1548 444 1587 prohibuisti,
472 1549 555 1587 qnod
586 1548 770 1577 insanientes
797 1557 857 1576 non

159 1598 325 1634 retinuisti,
340 1598 424 1636 quod
432 1597 576 1635 pericula
591 1606 649 1625 non
662 1596 784 1625 subiisti
794 1605 856 1633 pro

161 1648 275 1677 honore
289 1647 504 1685 Imperatoris.
546 1646 712 1684 Particeps
727 1655 785 1674 non
794 1645 855 1683 fii-

161 1697 403 1735 istifacinorum
413 1696 429 1726 ,⁹
470 1695 582 1725 Laudo
597 1695 662 1731 hoe,
677 1699 704 1723 ct
718 1695 789 1723 boni
803 1704 856 1724 ac-

160 1746 261 1783 cipio.-
287 1746 342 1775 setl
364 1755 417 1775 nec
442 1755 510 1784 quoe
522 1745 644 1783 fiebant
667 1744 855 1782 impediisti;

161 1796 217 1825 hoc
231 1805 302 1824 vero
306 1796 377 1832 jam
391 1795 517 1833 cliynum
529 1794 689 1823 accusari.

220 1851 241 1866 ¹¹¹
268 1846 413 1874 Potestas
440 1854 554 1883 maqna
581 1847 608 1872 et
630 1843 854 1881 potentissima,

160 1905 227 1933 quae
245 1895 411 1933 prohibere
431 1894 530 1922 scelus
553 1893 719 1921 maximum
736 1891 853 1930 potest]

160 1945 252 1974 Philo
275 1945 306 1973 in
321 1944 478 1979 Flaccum,
501 1943 587 1981 (pag.
603 1942 662 1972 970
685 1942 731 1979 Β.)
753 1941 769 1971 ὁ
788 1941 853 1980 γάρ

160 1995 384 2030 ἐπιπλήττειν
400 1994 417 2030 ἦ
432 1994 472 2023 τὸ
488 1994 705 2023 πανύστατον
720 1993 855 2031 ἐπέχειν

159 2044 199 2074 ἂν
222 2044 372 2081 δυνηθεὶς,
395 2045 421 2073 εἶ
444 2044 486 2082 μή
502 2042 677 2080 κεκώλυκε,
700 2042 795 2077 ὂῆλος
816 2041 853 2076 ἦν

161 2095 264 2133 ἐφιεὶς
281 2094 334 2124 καὶ
356 2094 549 2132 ἐπιτρέπων
573 2093 682 2122 αὐτός·
705 2102 777 2121 nam
800 2093 854 2130 qui

159 2145 325 2183 castiqure,
346 2148 425 2173 certe
447 2143 583 2172 inhibere
600 2143 726 2180 potuit;
747 2143 776 2171 si
795 2152 855 2170 non

160 2194 310 2233 impediit,
345 2193 501 2223 habendus
527 2195 570 2221 est
594 2191 774 2229 permisisse
800 2194 856 2219 ant

163 2349 301 2384 Tatius.

161 2408 236 2440 who
262 2405 366 2440 could
382 2411 525 2450 prevent
546 2405 571 2438 it
593 2405 669 2439 does
694 2405 733 2439 ic.

374 2349 423 2382 So
459 2348 606 2382 Salvian
637 2347 767 2393 speaks
803 2347 846 2382 of
873 2348 989 2392 kings.

786 2405 834 2438 So
856 2405 893 2438 in
914 2405 1016 2449 Livy,
1035 2403 1099 2438 the
1119 2404 1295 2438 Veientes
1320 2404 1393 2438 and
1418 2404 1616 2438 Rutulians

920 1302 1014 1330 etiam
1035 1302 1187 1340 probasse
1210 1301 1294 1340 quod
1319 1301 1482 1339 aqebatur.
1530 1299 1614 1328 Dion

923 1351 1045 1380 Galba:
1066 1355 1138 1380 τοῖς
1155 1352 1213 1389 μὲν
1233 1351 1299 1389 γάρ
1320 1350 1464 1379 ἰδιώταις
1480 1349 1614 1387 ἀπόχρη

921 1402 1019 1438 μηδὲν
1030 1401 1164 1430 ἀδικεῖν.
1181 1404 1253 1429 τοῖς
1267 1401 1299 1429 δὲ
1314 1400 1351 1434 διὶ
1366 1399 1427 1428 ‘rtis
1440 1398 1616 1436 ἡγεμονίας

922 1448 1056 1487 ἔχουσιν
1086 1449 1215 1487 ἀνάγκη
1247 1452 1403 1485 προνοεῖν
1430 1448 1518 1477 ὅπως
1543 1448 1615 1486 μηδ’

922 1497 1024 1527 ἄλλος
1045 1500 1224 1536 κακουργῇ·
1250 1498 1395 1527 Privatis
1418 1499 1532 1538 sufficit
1556 1507 1616 1526 non

922 1548 1112 1586 delinquere:
1138 1549 1170 1577 in
1184 1549 1314 1587 imperio
1329 1549 1489 1587 clyentibus
1500 1549 1616 1577 incum-

923 1597 966 1625 bit
974 1601 1002 1626 et
1013 1599 1069 1627 hoc
1080 1607 1191 1627 curare
1199 1608 1236 1627 ne
1246 1598 1405 1636 delinquat
1416 1598 1509 1633 alius,
1525 1597 1614 1636 (pag.

923 1646 979 1675 199
1002 1655 1033 1674 Β.
1076 1646 1141 1676 Ed.
1164 1646 1209 1675 H.
1231 1646 1353 1684 steph.)
1396 1647 1433 1675 In
1456 1655 1482 1675 c.
1505 1648 1534 1676 4.
1558 1647 1616 1685 Sy·

921 1696 996 1724 nodi
1012 1695 1162 1724 Pistensis
1177 1696 1287 1733 positae
1301 1695 1384 1724 inter
1397 1695 1537 1733 capitula
1553 1696 1616 1725 Ca-

921 1745 980 1773 roli
1003 1745 1091 1774 Calvi
1116 1745 1281 1773 habemus:
1315 1745 1393 1773 Non
1419 1747 1463 1773 est
1490 1745 1569 1774 liber
1595 1755 1617 1774 a

921 1802 1064 1822 consensu
1078 1794 1133 1831 qui
1141 1794 1225 1831 quod
1236 1794 1395 1822 emendare
1402 1797 1506 1831 potest
1520 1803 1617 1823 emen-

921 1845 999 1873 dare
1027 1843 1176 1881 neqliyit:
1214 1846 1405 1881 quapropter
1430 1843 1496 1872 sine
1523 1844 1616 1872 dubio

917 1891 1038 1929 peccati
1051 1900 1082 1919 se
1092 1891 1279 1928 participem
1290 1890 1387 1928 facit.
1425 1890 1506 1920 Vide
1522 1891 1616 1919 Nice-

920 1944 985 1970 tam
1005 1940 1192 1970 Choniatem
1215 1939 1295 1968 libro
1310 1948 1347 1969 11.
1371 1939 1408 1968 de
1426 1940 1614 1971 Andr-onim.

917 1991 1015 2030 (Cap.
1029 1989 1077 2029 3.)

982 2048 996 2063 1¹
1021 2042 1105 2070 Olim
1122 2040 1161 2069 ab
1178 2039 1453 2078 Amphictyonibus
1474 2040 1617 2070 damnati

922 2090 1044 2129 Scyrii]
1068 2090 1257 2120 Plutarchus
1284 2090 1418 2127 Cimone,
1449 2088 1537 2129 (pag.
1557 2092 1617 2120 483

919 2140 966 2178 ο.)

1053 2347 1137 2381 And
1169 2347 1403 2393 Thucydides
1434 2357 1526 2392 says,
1558 2347 1617 2382 He

162 2473 292 2497 excuse
313 2462 531 2496 themselves
552 2466 590 2495 to
612 2461 675 2495 the
697 2462 872 2502 Romans,
898 2463 935 2494 in
963 2461 1044 2495 that
1071 2461 1168 2495 their
1189 2461 1348 2506 subjects
1369 2461 1442 2494 had
1463 2460 1617 2494 assisted

162 2520 226 2553 the
243 2519 403 2553 enemies
424 2518 466 2552 of
492 2518 555 2552 the
575 2519 749 2558 Romans,
769 2518 857 2563 they
881 2517 1016 2563 having
1046 2529 1094 2552 no
1119 2518 1334 2563 knowledge
1364 2517 1407 2551 of
1432 2517 1496 2551 the
1525 2517 1614 2552 fact.

162 2576 246 2610 And
267 2587 314 2609 on
340 2575 404 2609 the
421 2574 527 2608 other
547 2574 656 2615 hand,
677 2574 740 2609 tho
761 2585 895 2609 excuse
920 2574 964 2609 of
982 2575 1112 2615 Teuta,
1141 2574 1205 2609 the
1230 2585 1350 2620 queen
1376 2574 1418 2608 of
1439 2574 1503 2608 the
1527 2574 1618 2619 Illy-

162 2633 271 2672 rians,
291 2633 320 2666 is
340 2636 406 2666 not
427 2631 613 2676 accepted,
631 2630 737 2665 when
759 2630 824 2665 she
845 2631 923 2665 said
947 2631 1028 2665 that
1049 2631 1175 2676 piracy
1195 2642 1266 2666 was
1287 2635 1352 2665 not
1368 2630 1551 2675 practised
1568 2631 1618 2675 by

163 2689 241 2730 her,
258 2689 325 2723 but
343 2688 390 2733 by
407 2688 474 2722 her
494 2688 676 2732 subjects;
705 2687 764 2721 for
785 2687 849 2721 she
865 2687 928 2721 did
949 2692 1014 2721 not
1038 2692 1194 2732 prevent
1215 2688 1255 2721 it.
1308 2688 1390 2721 And
1412 2688 1448 2720 in
1469 2687 1618 2722 ancient

163 2747 270 2780 times
288 2745 351 2779 the
370 2745 541 2790 Scyrians
560 2755 653 2778 were
671 2743 900 2778 condemned
925 2743 973 2789 by
990 2744 1053 2778 the
1070 2744 1334 2789 Amphictyons
1354 2744 1511 2778 because
1528 2744 1617 2789 they

163 2802 317 2837 allowed
334 2812 436 2836 some
457 2801 498 2835 of
512 2800 608 2835 their
624 2801 755 2846 pcople
773 2804 811 2834 to
832 2801 990 2845 practise
1007 2801 1142 2846 piracy.

237 2862 258 2894 6
289 2859 325 2893 It
350 2859 379 2893 is
406 2869 491 2903 easy
513 2862 550 2892 to
573 2858 691 2898 know,
712 2868 751 2891 so
780 2857 837 2891 far
860 2868 898 2891 as
919 2857 1173 2903 presumption
1193 2867 1291 2902 goes,
1312 2861 1390 2892 acts
1412 2856 1530 2892 which
1553 2868 1617 2892 aro

164 2916 404 2962 conspicuous
426 2915 499 2949 and
517 2914 633 2948 which
654 2925 716 2948 are
734 2914 916 2959 frequent.
965 2913 1077 2948 What
1102 2914 1131 2948 is
1157 2914 1253 2948 done
1273 2914 1322 2960 by
1343 2925 1465 2961 many,
1481 2925 1549 2949 can
1571 2914 1617 2950 be
