2018 3204
172 157 262 192 CAP.
284 155 409 200 X111.]
657 159 725 192 DE
756 156 1139 193 JUREJURANDO.
1575 151 1630 193 97

171 265 386 308 discimus:
411 279 485 307 nec
509 264 672 307 aliunde
697 265 875 308 arbitrer
896 264 1078 308 Orientis
1100 263 1271 321 populos
1294 263 1448 306 Gdictos
1473 263 1629 306 Graecis

172 328 429 391 καρβάνους,
459 345 550 386 quae
582 346 662 372 vox
697 332 808 386 apud
841 330 1089 387 AEschylum
1119 335 1160 372 et
1191 329 1430 385 Euripidem
1466 335 1628 370 exstat:

171 396 368 456 καρβᾶνα
408 391 439 439 δ’
473 391 614 446 αὐδάν,
655 397 767 452 apud
804 396 978 437 eundem
1016 394 1276 451 AEschylum.
1348 394 1456 436 IIuic
1497 393 1630 435 errori

171 462 279 504 dicto
303 462 391 503 loco
417 461 604 503 Christus
629 461 814 503 occurrit.
881 460 1134 503 Christianos
1162 466 1323 502 veteres
1348 459 1630 501 Tertullianus

165 526 329 582 jurasse
360 526 418 568 ait
441 541 515 581 per
545 526 717 568 salutem
741 525 934 582 principis
963 526 1149 568 omnibus
1179 525 1308 582 geniis
1336 525 1627 581 augustiorem.

171 592 296 648 Apud
323 591 544 648 Vegetium
571 591 747 632 formula
778 597 852 641 est,
880 591 994 647 cujus
1022 597 1064 633 et
1091 605 1217 646 supra
1249 590 1515 639 meminimus,
1549 605 1630 646 qua

173 656 395 699 Christiani
426 656 574 698 milites
602 656 746 712 jurant
775 671 857 698 non
890 671 965 712 per
996 657 1130 698 Deum
1166 661 1339 704 tantum,
1376 655 1448 697 sed
1483 661 1526 697 et
1555 670 1630 710 per

170 721 427 777 majestatem
451 722 729 777 Imperatoris,
755 736 848 777 quae
877 721 1099 763 secundum
1126 721 1263 762 Deum
1287 721 1464 763 humano
1486 720 1631 777 generi

171 786 383 844 diligenda
406 792 468 828 est
491 792 533 828 et
556 786 736 828 colenda.

272 852 371 894 XII.
444 851 528 893 Sed
557 857 599 894 et
622 851 679 892 esi
707 851 797 906 quis
827 865 903 907 per
937 851 1060 893 falsos
1089 851 1201 892 Deos
1226 850 1444 905 juraverit,
1475 849 1630 906 obliga-

171 916 308 959 bitur:
342 916 438 972 quia
464 931 698 972 quanquam
732 917 807 958 sub
839 915 951 957 falsis
990 915 1097 957 notis
1132 915 1317 972 generali
1352 921 1490 956 tamen
1524 930 1630 956 eom-

171 982 360 1038 plexione
392 996 541 1023 numen
570 982 780 1023 intuetur:
815 980 988 1036 ideoque
1023 982 1137 1022 Deus
1170 994 1303 1029 verus,
1340 980 1373 1021 si
1402 980 1632 1035 pejeratum

171 1047 237 1099 sit,
275 1047 319 1089 in
359 1062 474 1089 suam
513 1046 703 1102 injuriam
738 1046 780 1088 id
816 1046 969 1088 factum
1005 1045 1315 1101 interpretatur.
1378 1047 1435 1087 Et
1472 1052 1633 1087 sanctos

172 1112 284 1155 viros
306 1113 489 1155 videmus
512 1126 592 1153 non
617 1111 809 1153 detulisse
834 1111 995 1166 quidem
1024 1125 1203 1166 unquam
1228 1111 1303 1152 sub
1327 1125 1376 1152 ea
1398 1111 1531 1152 forma
1545 1111 1634 1166 jus-

164 1177 403 1233 jurandum,
428 1177 556 1219 multo
579 1176 712 1218 minus
734 1177 793 1219 ita
810 1176 984 1232 jurasse,
1015 1177 1124 1232 quod
1148 1191 1173 1217 a
1196 1177 1394 1218 Duareno
1426 1174 1633 1232 7permitti

170 1243 324 1293 miror3
349 1243 421 1285 sed
442 1248 580 1284 tamen
603 1242 637 1284 si
661 1242 897 1297 quibuscum
920 1242 1131 1299 negotium
1155 1246 1245 1283 erat
1268 1241 1416 1283 adduci
1439 1256 1520 1282 non
1542 1256 1633 1296 pos-

170 1314 275 1358 sent,
304 1314 352 1350 ut
379 1308 499 1350 aliter
522 1307 727 1364 jurarent,
761 1307 1013 1349 contraxisse
1041 1322 1132 1349 cum
1159 1307 1231 1354 eis,
1259 1306 1367 1362 ipsos
1391 1306 1554 1362 quidem
1587 1313 1632 1348 ut

171 1374 389 1430 oportebat
423 1373 626 1430 jurantes,
673 1373 725 1415 ab
766 1372 846 1414 illis
885 1378 1023 1415 autem
1065 1373 1346 1429 juramentum
1387 1371 1633 1428 accipientes

170 1491 324 1530 phronem
339 1491 418 1522 dico.
447 1491 482 1521 J.
495 1491 538 1521 Β.
996 1490 1010 1510 ⁷
1031 1491 1103 1519 Non
1128 1490 1159 1518 id
1189 1489 1346 1527 permittit
1370 1489 1547 1525 Duarenus,
1578 1489 1633 1518 sed

229 1546 243 1561 Θ
265 1540 301 1570 si
322 1541 392 1579 quis
406 1551 466 1579 per
475 1541 584 1579 falsos
603 1539 689 1569 Deos
698 1539 868 1576 juraverit,
937 1542 1062 1568 tantum
1078 1539 1191 1568 deferri
1203 1539 1419 1577 juramentum
1435 1539 1490 1574 illi,
1506 1539 1559 1576 qui
1577 1547 1635 1576 per

171 1588 375 1627 obliqabiiur]
405 1589 499 1617 Liber
515 1587 684 1625 Sapientiae
705 1596 730 1615 c.
753 1587 816 1616 xiv.
832 1588 868 1615 οὺ
938 1589 1165 1624 Mahumetem,
1190 1598 1261 1626 e.g.
1278 1588 1442 1626 juraturus
1465 1591 1523 1617 est.
1552 1588 1634 1617 Vide

171 1637 238 1676 ’γάρ
259 1637 276 1672 ἠ
299 1640 366 1666 τῶν
388 1636 572 1674 ὀμνυμὲνων
594 1636 733 1673 δύναμις,
755 1635 832 1664 ἀλλ’
849 1635 867 1669 ἠ
939 1637 1062 1667 JCtum
1082 1637 1180 1672 illum,
1196 1637 1303 1666 Tract.
1319 1637 1423 1674 priore
1439 1637 1478 1665 ad
1496 1637 1561 1665 Tit.
1582 1636 1634 1665 De

171 1688 238 1715 τῶν
264 1685 523 1724 ἁμαρτανόντων
550 1685 620 1719 δίκη
639 1684 868 1722 ’ἐπεξέρχεται
928 1687 1227 1724 juraegjurando,eap.
1242 1686 1283 1713 xi.
1305 1686 1397 1715 Tom.
1417 1695 1439 1714 1.
1461 1686 1547 1723 Opp.
1567 1686 1634 1715 Ed.

171 1735 222 1763 αἐὶ
237 1735 298 1768 τήν
311 1735 379 1763 τῶν
391 1734 511 1762 α’δὶκωυ
524 1733 729 1770 παράβασιν.
773 1733 867 1767 Quod
937 1735 1040 1773 Luqd.
1070 1735 1155 1765 1579.
1179 1744 1209 1772 p.
1234 1735 1301 1764 235.
1329 1737 1362 1763 et
1384 1734 1492 1763 Traet.
1521 1735 1634 1770 altero,

171 1784 217 1812 ita
230 1783 325 1812 vertit
339 1783 491 1812 Latinus:
512 1782 586 1810 Non
602 1781 868 1818 enimjnratorum
937 1793 1004 1821 cap.
1023 1786 1051 1812 4.
1061 1793 1135 1821 pag.
1150 1783 1180 1811 ii.
1199 1783 1289 1811 Tom.
1306 1792 1343 1811 11.
1385 1783 1477 1812 Adde
1493 1793 1562 1821 quae
1578 1783 1635 1812 no‘-

171 1833 281 1868 virtus,
303 1833 358 1861 sed
378 1831 574 1869 peccantium
590 1840 684 1868 poena
699 1832 867 1868 perambu-
936 1833 1071 1862 tavimus
1088 1833 1119 1860 in
1139 1832 1253 1870 saepius
1266 1833 1429 1861 laudatum
1447 1832 1552 1870 Caput
1567 1833 1634 1861 Pu-

171 1882 218 1910 lat
237 1890 354 1919 semper
373 1881 555 1918 injustorum
565 1880 865 1919 prm-aricationem,
936 1890 1137 1916 FENDORFII,
1150 1880 1202 1909 De
1215 1880 1298 1909 Jure
1312 1880 1389 1909 Ναί.
1413 1884 1441 1909 et
1463 1881 1553 1910 Geni.
1572 1881 1588 1919 ξ
1605 1883 1634 1910 4.

171 1932 268 1969 (vers.
282 1931 361 1968 ult.)
935 1931 1012 1960 Not.
1028 1933 1057 1959 2.
1070 1930 1156 1959 Edit.
1173 1930 1328 1960 seeundae.
1371 1930 1405 1959 J.
1421 1929 1462 1959 B.

171 2096 246 2131 and
261 2095 498 2142 Euripides*.
552 2096 676 2130 Christ
696 2097 835 2130 refutes
852 2095 926 2130 this
944 2107 1057 2130 error.

241 2153 446 2187 Tertullian
467 2163 549 2199 says
570 2153 652 2187 that
672 2153 735 2187 the
756 2153 904 2187 ancient
923 2153 1126 2186 Christians
1146 2162 1261 2186 swore
1281 2151 1331 2197 by
1358 2150 1422 2186 the
1445 2152 1575 2198 Safety
1595 2153 1638 2187 of

173 2208 238 2243 the
255 2210 401 2244 Prinee.
447 2209 492 2243 In
510 2210 698 2254 Vegetius,
714 2220 753 2243 as
771 2209 887 2243 above
907 2209 1040 2249 stated,
1060 2208 1123 2242 the
1143 2207 1305 2241 formula
1325 2208 1365 2248 is,
1386 2209 1442 2254 By
1460 2209 1543 2242 God
1561 2209 1636 2243 and

172 2265 236 2300 the
249 2266 408 2311 Majesty
424 2265 466 2300 of
482 2265 547 2300 the
567 2267 759 2311 Emperor,
777 2265 907 2306 which,
927 2265 1024 2300 after
1036 2265 1130 2305 God,
1152 2264 1180 2298 is
1201 2268 1239 2298 to
1258 2264 1304 2312 be
1322 2265 1544 2299 reverenced
1561 2265 1636 2299 and

172 2321 366 2356 honoured
387 2322 436 2367 by
455 2333 553 2357 men.

245 2379 334 2412 XII.
386 2379 582 2413 Moreover
605 2377 653 2413 he
673 2378 754 2413 who
775 2389 906 2413 swears
926 2378 975 2424 by
997 2378 1090 2412 false
1118 2378 1209 2422 gods
1234 2378 1263 2411 is
1288 2376 1435 2418 bound3
1465 2377 1637 2419 because,

174 2433 316 2478 though
332 2434 452 2468 under
467 2435 559 2469 false
580 2435 738 2476 notions,
759 2435 806 2469 he
827 2435 942 2469 refers
963 2439 1002 2469 to
1024 2434 1087 2469 the
1108 2434 1257 2479 general
1276 2434 1359 2467 idea
1376 2433 1418 2467 of
1433 2433 1634 2468 Godhead:

175 2489 250 2524 and
267 2489 452 2524 therefore
478 2491 542 2525 the
569 2495 652 2525 true
683 2491 767 2525 God
794 2491 866 2524 will
891 2492 1074 2536 interpret
1094 2491 1123 2525 it
1140 2502 1179 2524 as
1197 2502 1218 2524 a
1235 2501 1360 2534 wrong
1376 2494 1415 2523 to
1434 2489 1586 2524 himself
1607 2490 1641 2523 if

175 2546 325 2590 perjury
344 2545 392 2580 be
408 2547 635 2580 committed.
688 2547 756 2581 We
778 2547 825 2581 do
843 2551 909 2581 not
929 2547 1006 2581 find
1027 2547 1109 2580 that
1128 2546 1216 2592 holy
1239 2558 1324 2580 men
1346 2556 1432 2580 ever
1452 2546 1637 2591 proposed

175 2612 224 2635 au
244 2601 331 2635 oath
348 2601 385 2635 in
403 2601 485 2636 that
502 2613 591 2647 way,
608 2602 720 2636 much
737 2603 808 2637 less
829 2603 912 2637 that
932 2603 1020 2648 they
1046 2613 1161 2637 swore
1182 2602 1271 2636 such
1294 2613 1340 2636 an
1362 2602 1460 2642 oath,
1478 2601 1595 2636 which
1618 2602 1637 2636 Ι

174 2657 327 2691 wonder
347 2657 429 2691 that
449 2658 646 2692 Duarcnus
666 2659 819 2703 permits
829 2659 863 2701 †.
913 2660 987 2693 But
1008 2659 1040 2691 if
1057 2659 1162 2693 those
1183 2658 1272 2692 with
1293 2658 1413 2692 whom
1431 2658 1519 2703 they
1540 2668 1637 2692 were

233 2742 250 2757 '⁵
272 2742 449 2780 Barbeyrae
469 2750 548 2779 say-S,
567 2743 624 2769 not
642 2741 673 2769 in
693 2739 872 2778 Euripides,
892 2741 949 2769 but
969 2741 999 2768 in
1021 2741 1230 2779 Lycophron3
1253 2741 1314 2769 and
1337 2740 1376 2769 he
1398 2741 1561 2779 questions
1582 2742 1637 2770 the

177 2790 358 2828 etymology
374 2790 408 2818 of
423 2790 580 2818 Korbani.

235 2842 261 2877 †
285 2840 454 2869 Duarenus
475 2840 550 2869 does
575 2842 631 2868 not
651 2839 766 2877 permit
793 2847 862 2868 nien
886 2841 918 2867 to
940 2847 1050 2874 swear,
1071 2839 1129 2868 but
1151 2839 1224 2877 only
1245 2842 1279 2870 to
1304 2841 1409 2877 accept
1431 2849 1470 2869 an
1494 2840 1568 2869 cath
1596 2840 1637 2878 by

177 2889 259 2919 ,ΜιιΙι
265 2893 352 2919 emet.
394 2890 426 2920 J.
442 2890 481 2919 B.

1478 2944 1502 2958 μ-

311 2974 464 3030 [GROT.
500 2974 568 3033 11.]
1485 2958 1495 2986 ⁴

1647 477 1755 507 Apology.
1772 483 1793 501 c.
1809 477 1846 501 32.

1649 605 1705 630 Lib.
1720 605 1746 629 ii.
1760 606 1783 629 5.
