2018 3204
212 183 300 218 Qun
321 180 426 224 XX]
796 181 863 215 DE
895 180 1074 215 POENIS.
1589 172 1666 214 271

209 291 470 334 referendum
496 291 646 332 malum
683 290 722 334 εἴ
757 309 810 334 τε
845 285 908 334 δεῖ
940 288 1043 343 ἡμᾶς
1079 284 1213 333 τῶνδε
1249 286 1548 349 χαλεπώτερα
1581 285 1667 332 πά-

209 377 346 418 σχειν,
370 359 542 400 etiamsi
565 359 674 411 quid
694 359 875 412 ,arcucius
900 358 1160 412 patiendum
1183 356 1304 397 nobis
1335 356 1571 404 immineat,
1597 355 1667 410 qui

210 438 350 465 sensus
371 430 413 465 et
435 424 546 479 apud
578 423 804 465 Maximum
836 422 1010 480 Tyrium
1040 428 1186 463 exstat.
1247 419 1449 480 εὝβρεως
1473 414 1597 473 δίκην,
1622 420 1666 462 id

209 496 285 538 est,
333 489 533 531 actionem
577 489 628 530 ob
675 495 884 544 acceptam
935 487 1221 530 contumeliam
1264 487 1440 542 aliquam
1485 486 1665 542 (qualem

212 554 400 597 Christus
425 554 555 610 alapae
577 554 739 596 nomine
759 554 926 609 indicat)
948 554 1128 611 negabat
1157 552 1369 594 Musonius
1392 558 1464 594 aut
1487 567 1530 594 se
1552 552 1665 593 insti-

209 626 408 671 tuturum,
447 626 520 662 aut
559 619 746 675 cuiquam
782 626 827 662 ut
862 619 1096 662 institueret
1134 625 1345 662 auctorem
1385 618 1500 660 fore:
1534 618 1663 661 multo

210 685 316 728 enim
340 685 491 727 rectius
514 685 736 727 condonari
758 685 868 727 talia.

310 751 336 796 7
383 752 504 801 Quod
538 751 572 793 si
605 751 869 793 dissimulatio
893 765 1086 808 magnum
1121 765 1256 793 secum
1291 750 1516 806 periculum
1542 749 1662 799 ferat,

208 833 258 860 ea
281 817 468 860 cautione
492 817 672 859 contenti
687 833 775 859 esse
793 818 1000 867 debemus,
1019 832 1110 873 quae
1132 831 1254 873 quam
1277 816 1485 857 minimum
1505 821 1662 857 noceat.

211 884 318 925 Nam
342 899 393 925 nc
416 884 526 939 apud
552 884 756 926 Hebraeos
780 883 944 939 quidem
967 882 1010 924 in
1032 898 1107 924 usu
1131 888 1222 924 erat
1249 882 1360 933 talio,
1387 888 1433 923 ut
1456 881 1486 921 J
1491 881 1665 936 osephus
1682 890 1856 952 garg-§2131-

210 957 252 992 et
275 949 344 991 alii
369 949 646 992 Hebraeorum
670 950 856 991 doctores
885 955 1042 997 notant,
1065 949 1138 990 sed
1161 948 1318 990 solebat
1339 946 1408 1003 qui
1431 947 1552 989 laesus
1574 953 1666 988 erat

209 1016 320 1058 ultr-a
343 1015 549 1072 impendia
572 1031 598 1058 a
622 1030 665 1057 se
696 1016 816 1065 facta,
844 1015 895 1057 de
920 1015 1065 1070 quibus
1089 1013 1256 1056 seorsim
1280 1014 1347 1055 lex
1372 1019 1507 1054 exstat
1530 1012 1663 1054 Exod.

209 1082 294 1123 xxi.
322 1084 390 1130 19,
423 1083 549 1136 (shaec
586 1081 693 1123 enim
732 1087 794 1123 est
828 1081 961 1137 simpli
995 1079 1201 1122 restitutio
1235 1079 1336 1121 nihil
1374 1079 1534 1135 poenale
1572 1093 1665 1120 con-

209 1148 360 1201 tinens)
396 1162 472 1203 pro
501 1147 654 1190 talione
678 1144 973 1203 tpecuniariam
1008 1146 1200 1188 mulctam
1231 1145 1443 1202 accipere:
1479 1144 1589 1201 quod
1624 1150 1667 1186 ct

208 1214 353 1254 Romae
376 1213 528 1255 factum
560 1214 678 1255 docet
710 1213 821 1269 apud
853 1212 1029 1255 Gellium
1055 1211 1297 1254 Favorinus.
1369 1211 1435 1252 Sic
1456 1211 1487 1252 J
1491 1211 1666 1266 osephus
1683 1223 1742 1248 Lib.
1757 1229 1803 1247 xx.
1818 1224 1839 1246 1.

207 1279 359 1320 domini
382 1279 512 1321 nostri
534 1280 563 1321 J
565 1294 635 1321 esu
660 1279 868 1329 educator,
894 1293 986 1321 cum
1009 1292 1181 1320 uxorem
1204 1293 1319 1320 suam
1340 1276 1533 1319 adulterii
1557 1291 1664 1318 com-

207 1350 367 1400 pertam
401 1345 602 1394 crederet,
627 1344 830 1387 udivortio
865 1359 909 1386 se
944 1345 1122 1386 liberare
1156 1343 1312 1395 maluit,
1336 1357 1458 1399 quam
1482 1341 1665 1384 commit·
1684 1351 1860 1377 Matthstuw·

207 1416 298 1453 tere
321 1416 367 1453 ut
390 1411 705 1453 traduceretur:
738 1417 862 1466 atque
885 1410 927 1452 id
950 1410 1093 1452 fecisse
1117 1409 1265 1451 dicitur
1290 1409 1385 1464 quia
1402 1408 1538 1464 justus
1561 1414 1663 1457 erat,

207 1475 250 1517 id
275 1481 349 1525 est,
374 1477 437 1519 vir
461 1477 613 1533 probus
643 1492 690 1518 ac
718 1477 874 1518 facilis:
910 1475 963 1517 ad
993 1491 1114 1531 quem
1144 1475 1275 1516 locum
1300 1474 1568 1516 8Ambrosius
1592 1473 1663 1523 ait,

208 1556 289 1582 non
311 1547 469 1584 tantum
504 1543 557 1585 ab
589 1542 753 1584 ultionis
785 1541 1014 1591 atrocitate,
1046 1541 1118 1582 sed
1152 1541 1276 1582 etiam
1298 1542 1377 1582 Xab
1401 1539 1667 1582 accusationis

208 1608 428 1650 severitate
451 1608 624 1650 alienam
648 1622 736 1650 esse
764 1607 866 1662 justi
897 1621 1138 1663 personam3
1175 1606 1279 1648 sieut
1303 1612 1345 1648 et
1367 1612 1463 1648 ante
1490 1606 1666 1647 Lactan-

207 1673 288 1715 tius
325 1673 500 1724 dixerat,
538 1689 672 1730 ozeque
710 1688 915 1716 accusare
961 1688 1217 1728 quemquam
1260 1674 1439 1714 crimine
1478 1672 1667 1727 capitali
1685 1686 1753 1742 {3²⁸⁶-
1771 1685 1885 1710 mavi.

207 1790 354 1828 gustinus
367 1789 448 1818 libro
464 1798 502 1818 11.
525 1789 562 1819 cle
576 1789 771 1818 Adulterinis
788 1787 903 1824 Conju-
1032 1792 1048 1808 Χ
1071 1788 1121 1816 Ab
1143 1787 1352 1817 accusationis
1374 1785 1551 1824 severitate]
1587 1786 1670 1815 Vide

208 1841 288 1878 qiis:
312 1841 341 1869 si
354 1844 456 1869 autem
470 1840 570 1878 (quod
582 1840 684 1868 verius
699 1838 830 1876 dicitur)
845 1847 905 1866 non
973 1838 1180 1867 Hincmarum
1205 1838 1243 1866 de
1259 1837 1405 1866 Divortio
1426 1837 1466 1865 ad
1489 1837 1670 1874 interroga-

209 1890 280 1919 licet
300 1890 416 1918 homini
433 1888 614 1919 Christiano
635 1888 811 1917 adulteram
831 1896 904 1916 con·
971 1889 1091 1918 tionem
1121 1896 1155 1917 v.
1184 1888 1217 1916 in
1244 1888 1316 1916 fine.
1343 1897 1370 1916 c.
1396 1887 1502 1916 laicos.
1531 1896 1618 1916 caus.
1640 1888 1669 1916 2.

199 1940 308 1979 juqem
332 1940 483 1975 occidere,
512 1940 567 1969 sed
594 1943 712 1969 tantum
737 1939 903 1967 dimittere.
972 1941 1084 1976 quaest.
1107 1938 1136 1968 7.
1166 1940 1198 1966 et
1221 1937 1264 1965 ibi
1288 1937 1560 1965 Panormitanum.
1585 1936 1670 1965 Gail.

209 1990 303 2028 (Cap.
320 1991 382 2028 15.)
971 1987 1008 2017 de
1023 1987 1110 2016 Pace
1124 1987 1261 2016 Publica
1276 1995 1350 2016 vnl.
1365 1988 1396 2016 3.
1440 1986 1532 2015 Adde
1558 1995 1584 2014 c.
1605 1986 1670 2014 Ac-

267 2038 280 2056 ⁸
299 2039 403 2068 Locus
417 2041 465 2068 est
478 2039 510 2067 in
520 2039 634 2068 Psalm.
646 2038 749 2067 cxviii.
765 2037 902 2067 Serm.7.
971 2037 1097 2072 eusasti,
1127 2036 1164 2065 dc
1192 2036 1453 2071 accusationibus,
1486 2036 1533 2064 ita
1559 2038 1596 2065 ut
1622 2039 1671 2065 est

208 2098 278 2128 cap.
287 2099 315 2118 v.
332 2090 448 2127 p.l4’a'3
462 2097 495 2118 D.
507 2088 572 2118 Ed.
584 2088 695 2118 Paris.
710 2088 797 2119 1569.
819 2087 898 2117 J.B.
970 2087 1056 2124 apud
1071 2086 1278 2115 Brocardum.

206 2253 292 2289 this.
353 2253 412 2288 An
433 2253 567 2288 Action
596 2253 656 2287 sor
686 2252 900 2297 contumely
921 2250 1029 2294 (such
1060 2262 1099 2285 as
1121 2250 1245 2286 Christ
1269 2250 1448 2284 indicates
1474 2249 1510 2283 in
1536 2250 1668 2295 speak-

207 2311 271 2356 ing
301 2310 343 2344 of
365 2321 435 2345 one
460 2310 617 2355 striking
642 2321 684 2343 us
710 2320 759 2343 on
784 2308 848 2343 the
874 2307 1019 2351 cheek),
1046 2308 1238 2342 Musonius
1268 2307 1347 2341 said
1372 2306 1419 2340 he
1444 2306 1565 2340 would
1591 2307 1668 2341 nei-

207 2367 292 2401 ther
312 2371 482 2411 promote
503 2377 572 2401 nor
592 2366 793 2406 authorise,
823 2366 853 2399 it
885 2365 996 2410 being
1024 2365 1147 2399 better
1173 2364 1255 2399 that
1281 2363 1372 2399 such
1393 2363 1514 2409 things
1535 2362 1668 2398 should

207 2423 255 2458 be
276 2422 479 2468 pardoned.

280 2483 300 2515 7
341 2480 415 2513 But
433 2479 465 2512 if
481 2478 571 2513 such
590 2478 833 2513 forbearance
853 2478 963 2524 bring
983 2482 1089 2523 great
1109 2478 1216 2524 peril,
1236 2488 1289 2512 we
1310 2488 1373 2512 are
1394 2480 1433 2512 to
1450 2477 1497 2511 be
1515 2480 1669 2511 content

209 2536 297 2570 with
318 2536 408 2570 such
428 2537 646 2581 precaution
667 2546 705 2570 as
726 2535 819 2570 shall
841 2536 888 2570 do
910 2535 974 2570 the
996 2536 1089 2570 least
1109 2535 1216 2569 harm
1243 2540 1282 2570 to
1303 2535 1367 2570 the
1389 2533 1567 2568 offender.
1618 2533 1668 2568 So

209 2604 345 2638 among
379 2592 444 2627 the
476 2593 584 2633 Jews,
615 2592 678 2627 the
710 2603 845 2638 person
875 2592 1048 2627 offended
1079 2592 1257 2637 accepted
1290 2603 1312 2626 a
1342 2591 1543 2637 pecuniary
1572 2590 1667 2630 fine3

209 2649 328 2683 which
367 2660 439 2684 was
469 2649 545 2683 also
575 2649 760 2694 practised
790 2653 829 2683 at
859 2650 989 2684 Rome.
1054 2649 1103 2683 So
1145 2648 1297 2694 Joseph,
1328 2648 1392 2683 the
1425 2647 1595 2682 husband
1631 2647 1675 2681 of

210 2707 328 2752 Mal-y,
353 2706 426 2740 and
452 2705 515 2741 the
540 2706 718 2740 educator
749 2706 792 2740 of
812 2717 880 2740 our
905 2706 1006 2740 Lord
1031 2706 1150 2746 Jcsus,
1182 2705 1287 2740 when
1318 2705 1364 2739 ho
1391 2704 1588 2739 conceived
1613 2703 1670 2738 his

210 2763 294 2798 wife
323 2768 362 2798 to
394 2763 439 2797 be
469 2763 588 2808 guilty
618 2763 660 2797 of
689 2763 871 2807 adultcry,
902 2774 973 2797 was
1005 2762 1156 2797 minded
1189 2766 1228 2796 to
1260 2767 1327 2807 put
1364 2761 1431 2796 her
1461 2772 1575 2807 away,
1603 2765 1671 2795 not

210 2824 249 2855 to
281 2820 388 2865 bring
407 2820 475 2855 her
501 2820 628 2854 before
655 2831 677 2854 a
698 2820 822 2865 public
855 2819 1041 2861 tribuna13
1067 2819 1140 2853 and
1171 2819 1254 2860 this,
1284 2819 1442 2854 because
1471 2818 1519 2853 he
1547 2829 1619 2852 was
1648 2829 1671 2852 a

205 2878 295 2923 just,
326 2877 407 2912 that
435 2877 476 2919 is,
506 2889 529 2911 a
559 2877 730 2912 mei-ciful
763 2888 859 2911 man.
923 2877 1006 2911 And
1040 2887 1088 2911 on
1117 2876 1190 2911 this
1218 2881 1375 2911 account
1395 2876 1576 2910 Ambrose
1596 2875 1670 2910 and

211 2935 425 2970 Lactantius
453 2935 573 2981 praisc
602 2934 690 2969 him.
755 2935 804 2969 So
829 2934 964 2976 Justin,
987 2934 1029 2969 of
1050 2933 1114 2969 the
1135 2944 1286 2969 accuser
1307 2934 1349 2969 of
1369 2933 1434 2969 the
1455 2932 1671 2973 Christians,
