2018 3204
99 408 162 433 Nic.
174 407 221 432 vii.
229 409 253 436 7.

98 805 163 836 Cap.
175 805 199 830 6.

102 1529 185 1559 Apud
197 1529 272 1554 Stob.

106 1561 161 1585 Tit.
173 1562 197 1584 2.

311 87 396 128 298
906 90 974 124 DE
1007 88 1125 123 POEN
1132 87 1190 122 IS.
1616 80 1710 128 [Lm.
1728 83 1779 118 11.

312 203 460 246 merito
492 202 624 245 minus
651 201 791 244 odiosa
822 212 946 255 quam
977 211 1070 253 quae
1098 211 1150 239 ex
1172 195 1394 252 voluptatis
1428 199 1652 238 naseuntur
1678 193 1783 236 desi-

313 270 441 319 derio,
476 269 586 325 quod
617 273 659 310 et
692 266 824 308 minus
859 264 1077 306 efficaciter
1108 268 1260 312 movet,
1298 267 1340 305 et
1371 261 1530 304 differri
1560 263 1630 303 yet
1660 260 1782 302 aliam

313 336 391 379 sibi
414 334 628 377 materiam
652 332 739 374 sine
762 330 912 386 injuria
935 343 1122 385 quaerere
1154 328 1312 370 facilius
1335 333 1483 384 potest.
1539 326 1784 369 Aristoteles

312 401 697 444 Nicomachiorum
723 396 921 452 septimo:
960 393 982 438 ὁ
1008 393 1138 444 θυμὸς
1162 391 1466 455 φυσικώτερον
1489 392 1554 437 καὶ
1590 413 1614 445 η
1648 397 1783 453 χαλε-

314 465 455 514 πόΤΠς
480 467 570 508 Τῶν
593 462 824 514 Επιθυμιῶν
848 463 935 506 Τῶν
958 481 1038 513 ’Της
1071 459 1324 521 υπΕΡβολης
1355 480 1425 503 Kcu
1453 479 1543 504 ‘rwv
1566 479 1622 512 μη
1646 476 1782 516 αναὙ·

313 532 453 576 καίων·
506 532 646 586 mayis
687 529 896 571 naturale
935 529 1010 570 ira
1052 535 1091 570 et
1130 528 1348 569 acerbitas
1388 541 1524 582 quam
1562 526 1784 581 cupiditas

314 613 457 640 eorum
481 612 575 653 quoe
597 597 769 638 modum
793 595 1003 637 eoecedunt
1026 595 1281 649 minimeque
1303 601 1402 635 sunt
1425 593 1682 634 necessaria.

416 665 442 705 2
491 661 668 705 Omnino
700 660 809 703 enim
837 660 939 702 illud
972 659 1196 702 tenendum
1228 664 1302 708 est,
1328 673 1408 715 quo
1438 657 1562 700 animi
1593 656 1784 715 eligentis

309 729 507 786 judicium
541 727 671 785 magis
705 726 940 783 impeditur,
976 739 1138 781 quoque
1176 724 1308 782 magis
1347 723 1601 766 naturalibus
1639 722 1782 772 causis,

316 811 364 838 eo
399 795 510 851 quod
554 792 806 850 delinquitur
844 791 1014 833 minoris
1059 805 1160 836 esse.
1225 790 1468 833 Aristoteles
1507 789 1616 832 dieto
1651 788 1782 831 libro:

315 863 485 915 μᾶλλον
509 856 765 904 chromo-rou
787 855 840 903 ἀν
864 860 1073 909 εἰποιμεν,
1110 855 1231 904 ὅστις
1253 876 1313 908 μη
1345 854 1562 907 ἐπιθυμῶν
1593 876 1618 907 η
1645 851 1783 913 ἡρέμα

317 947 449 972 οιωκει
475 946 556 972 τας
581 923 837 986 υπερβολας
861 924 929 968 καὶ
954 921 1117 985 φεύγει
1141 942 1322 1003 μετριας
1346 919 1499 971 λύπας,
1532 918 1557 974 ἢ
1581 939 1784 965 τοιουτου

317 1013 440 1040 ΟΟἽἹς
465 988 532 1036 δία
556 1012 611 1036 ΤΟ
630 990 855 1043 ΕΊΤἹΘυμΕιν
878 986 1001 1053 σφΟδ
1002 1009 1071 1050 ραι
1109 1009 1155 1034 *Τί
1175 1008 1266 1050 ’γαρ
1289 1009 1342 1032 αν
1367 1007 1519 1035 ΕΚΕινΟς
1542 1005 1783 1039 vrolno'alev,

318 1081 355 1104 GL
391 1077 693 1120 πρΟσὙΕνΟιΤΟ
727 1056 937 1109 ewtevfua
967 1075 1146 1108 νΕανιΚη,
1181 1075 1249 1098 Καί
1287 1073 1388 1116 περί
1420 1074 1499 1101 Tus·
1534 1051 1783 1112 ἁναὙΚαιων

317 1121 473 1172 ἐνδείας
496 1122 614 1177 λύπη
640 1123 814 1184 ισχυρᾰ·
847 1124 990 1165 minus
1020 1130 1324 1178 temperantem
1351 1122 1537 1163 dicimus
1559 1121 1683 1168 hunc,
1708 1120 1786 1175 qui

318 1207 348 1233 a
378 1199 495 1234 motu
517 1192 832 1244 concupiscente
856 1197 938 1231 aut
973 1203 1055 1230 non
1080 1196 1278 1236 tentatus,
1316 1195 1394 1228 aut
1427 1188 1572 1228 leviter
1597 1193 1785 1228 tentatus

319 1259 474 1312 quaerit
497 1271 683 1299 enormes
699 1257 938 1311 voluptates
954 1262 1032 1296 aut
1052 1255 1289 1296 mediocria
1312 1253 1582 1295 incommoda
1605 1252 1784 1306 dffuyit,

318 1338 363 1366 eo
398 1324 475 1378 qui
507 1323 738 1365 vehementi
768 1323 925 1375 affectu
947 1321 1213 1375 percellitur.
1283 1320 1406 1360 Nam
1437 1319 1544 1373 quid
1565 1319 1678 1359 idem
1712 1317 1786 1359 ille

305 1390 517 1444 facturus
535 1389 680 1442 fuisse
700 1387 930 1442 putandus
954 1394 1026 1434 est,
1062 1387 1102 1427 si
1123 1386 1334 1440 adfuisset
1356 1384 1564 1437 juvenilis
1588 1383 1786 1438 quaedam

310 1455 586 1510 perturbatio
605 1453 757 1501 animi,
778 1459 857 1493 aut
876 1452 1031 1507 yravis
1051 1452 1173 1492 dolor
1196 1465 1246 1493 ex
1256 1450 1448 1504 penuria
1472 1463 1616 1490 eorum
1633 1449 1788 1503 quibus

319 1521 487 1576 neyatis
509 1527 675 1561 natura
695 1518 838 1559 doleat
853 1517 876 1559 ?
947 1515 1121 1567 Quicum
1144 1514 1333 1558 convenit
1355 1513 1456 1556 illud
1479 1512 1752 1570 Antiphanis:

378 1645 392 1667 y
411 1640 457 1669 Et
471 1639 570 1669 aliam
580 1638 640 1667 sibi
651 1637 815 1667 materiam
825 1636 892 1665 sine
902 1635 1023 1672 injuria

320 1698 459 1728 quaerere
472 1688 611 1726 facilius
626 1685 744 1725 potest]
777 1686 1023 1724 Chrysostomus

322 1739 362 1767 ad
379 1738 529 1767 Galatas:
552 1737 570 1772 ἠ
587 1736 744 1774 ἐπιθυμία
763 1735 854 1773 μίξιν
870 1733 1024 1771 ἐπιζητεῖ

320 1788 430 1825 μόνον,
452 1789 487 1816 οὐ
503 1787 634 1816 τοιάνδε
654 1787 754 1823 μίξιν·
778 1785 890 1823 cupido
913 1793 1023 1813 concu-

321 1838 416 1866 bitum
430 1840 548 1866 tantum
562 1837 685 1874 quaerit,
695 1845 754 1863 non
769 1834 861 1871 hujus
871 1837 925 1863 aut
936 1834 1024 1862 illius

321 1886 522 1916 concubitum.
556 1885 724 1922 (Tom.111.
739 1892 814 1922 pag.
825 1883 907 1920 753.)
943 1883 1023 1912 Ter-

320 1936 473 1965 tullianus
500 1935 581 1964 libro
610 1943 647 1963 11.
682 1933 727 1962 ad
758 1933 914 1962 Uxorem:
950 1941 1023 1961 nam

320 1989 436 2024 quanto
446 1984 578 2023 qrandis
587 1987 631 2012 est
640 1982 826 2012 continentia
841 1981 947 2011 carnis
955 1991 1024 2019 quae

321 2035 470 2064 viduitati
491 2034 658 2069 ministrat,
680 2035 776 2068 tanto,
797 2032 825 2060 si
847 2042 907 2060 non
929 2032 1023 2060 susti-

322 2088 443 2121 neatur,
463 2084 657 2123 iynoscibilis
674 2082 775 2112 videri
790 2085 914 2120 potest.-
937 2081 1023 2121 diffi-

1088 1636 1194 1666 cilium
1216 1635 1296 1665 enim
1310 1635 1429 1673 facilis
1449 1637 1494 1664 est
1514 1634 1615 1664 venia.
1663 1633 1788 1672 Quanto

1088 1690 1189 1716 autem
1198 1686 1309 1715 nubere
1322 1686 1355 1714 in
1367 1685 1504 1714 Domino
1511 1684 1723 1723 perpetrabile
1734 1686 1788 1720 est,

1087 1734 1135 1762 uti
1156 1736 1265 1762 nostrae
1285 1732 1462 1770 potestatis,
1488 1734 1574 1760 tanto
1599 1730 1788 1769 culpabilius

1088 1786 1133 1813 est
1147 1793 1206 1811 non
1221 1783 1384 1812 observare
1397 1782 1481 1820 quod
1488 1781 1604 1820 possis.
1638 1781 1732 1819 (Cap.
1745 1780 1788 1818 1.)

1089 1836 1122 1862 et
1143 1842 1226 1868 mox,
1256 1835 1372 1870 quanto
1395 1835 1537 1870 potestas
1566 1830 1690 1860 vitandi
1704 1830 1787 1867 fuit,

1088 1886 1174 1912 tanto
1183 1882 1379 1911 contumaciae
1389 1882 1516 1911 crimine
1524 1884 1678 1910 oneratur.
1692 1879 1787 1917 (Cap.

1089 1932 1156 1968 111.)
1197 1932 1291 1960 Adde
1308 1931 1353 1960 M.
1368 1931 1581 1966 Antoninum,
1601 1930 1672 1958 loeo
1690 1929 1787 1958 modo

1088 1981 1237 2017 indicato,
1259 1980 1311 2009 ubi
1327 1980 1550 2018 Theophrasto
1571 1982 1700 2008 auctore
1722 1978 1786 2007 uti-

1087 2034 1152 2060 tur.

1146 2086 1159 2101 z
1183 2078 1245 2116 Qui
1261 2088 1328 2108 cum
1341 2078 1382 2107 sit
1401 2078 1528 2116 opulens
1540 2077 1680 2116 nequiter
1700 2078 1788 2116 quic-

323 2259 403 2294 age,
419 2246 484 2282 the
505 2245 623 2281 other.

685 2245 918 2280 Andronicus
936 2242 1067 2289 speaks
1093 2242 1136 2276 of
1160 2241 1251 2277 such
1271 2241 1493 2287 palliations.

1556 2240 1664 2275 Then
1679 2241 1789 2287 again

324 2306 407 2340 sear
437 2305 467 2338 is
488 2302 713 2348 augmented
740 2302 790 2348 by
810 2301 875 2336 the
901 2299 1061 2345 thought
1088 2299 1132 2333 of
1163 2299 1361 2332 imminent
1382 2297 1544 2342 danger;
1579 2308 1706 2343 anger,
1738 2297 1789 2343 by

325 2365 453 2397 recent
466 2360 540 2394 and
557 2360 633 2395 still
650 2359 829 2404 smartiug
845 2358 1040 2398 vexation3
1061 2367 1100 2391 so
1119 2355 1202 2390 that
1219 2355 1310 2400 they
1326 2365 1450 2390 scarce
1468 2354 1582 2389 suffer
1600 2365 1733 2389 reason
1748 2358 1788 2389 to

325 2419 372 2453 be
401 2417 538 2452 heard:
578 2416 651 2450 and
682 2415 968 2461 transgressions
1001 2412 1121 2447 which
1152 2412 1238 2447 thus
1263 2412 1359 2446 arise
1386 2422 1450 2445 are
1471 2411 1690 2457 deservediy
1717 2411 1789 2446 less

325 2476 454 2510 odious
473 2473 564 2508 than
583 2473 690 2507 those
710 2472 830 2506 which
849 2472 975 2517 spring
996 2474 1062 2505 out
1082 2469 1125 2504 of
1142 2469 1206 2504 the
1227 2469 1347 2503 desire
1368 2468 1411 2502 of
1428 2467 1608 2513 ple-cisum,
1621 2467 1741 2502 which
1757 2468 1788 2502 is

325 2532 418 2567 both
439 2531 568 2566 slower
593 2531 632 2563 in
652 2530 699 2564 its
719 2529 907 2575 impulses,
928 2528 1003 2562 and
1031 2538 1117 2572 may
1137 2537 1241 2560 more
1268 2525 1381 2570 easily
1397 2525 1445 2559 be
1466 2529 1534 2570 put
1557 2524 1611 2558 off
1627 2524 1702 2558 and
1727 2523 1789 2558 led

325 2593 367 2624 to
389 2588 477 2623 seek
506 2587 615 2623 other
634 2590 783 2622 matter.
833 2585 1012 2620 Aristotle
1033 2583 1213 2618 discusses
1240 2582 1314 2617 this
1335 2582 1518 2628 question,
1538 2581 1625 2616 Eth.
1653 2581 1788 2616 Nicom.

326 2656 392 2681 vn.
414 2648 446 2682 7.

399 2706 420 2735 2
462 2701 551 2736 This
582 2701 659 2735 also
685 2700 714 2735 is
743 2703 782 2734 to
802 2698 850 2734 be
870 2698 970 2740 held,
989 2697 1071 2732 that
1091 2696 1129 2730 in
1150 2696 1370 2742 proportion
1390 2706 1430 2730 as
1450 2694 1515 2730 the
1530 2694 1729 2740 judgment
1749 2692 1793 2727 of

329 2758 393 2792 the
410 2769 544 2803 person
566 2757 742 2802 choosing
758 2756 815 2791 his
840 2766 969 2791 course
990 2756 1021 2789 is
1042 2764 1145 2788 more
1162 2752 1347 2799 impeded,
1364 2752 1437 2786 and
1457 2752 1507 2798 by
1523 2762 1625 2786 mere
1641 2749 1789 2785 natural

331 2825 469 2855 causes,
495 2815 560 2850 the
589 2815 727 2850 offense
755 2813 785 2848 is
814 2813 897 2848 less.
962 2812 1011 2847 So
1039 2809 1217 2846 Aristotle
1238 2810 1278 2844 in
1298 2809 1362 2845 the
1382 2819 1484 2845 same
1503 2808 1620 2855 place.
1681 2805 1789 2840 Anti-
