2018 3204
120 615 184 645 Pag.
194 615 232 638 52.

119 645 182 676 Pag.
194 647 246 669 214.

119 685 182 714 Pag.
195 685 249 708 306.

118 715 177 739 Lib.
192 716 228 738 ix.
241 716 280 743 27.

119 746 182 776 Cap.
198 746 234 773 67.

118 777 182 806 Cap.
193 777 216 799 5.
234 776 246 806 ᾗ
258 777 297 800 38.

119 807 181 837 Cap.
196 808 219 830 3.

119 1145 171 1169 Cic.
189 1146 263 1169 Orat.

112 1182 168 1206 pro
182 1177 275 1205 Quint.

117 1207 198 1260 iiic&
204 1208 218 1230 1
221 1208 273 1231 nst.

117 1316 210 1357 Q'uint.
225 1328 271 1352 xii.

117 1367 139 1383 c.
152 1359 200 1382 ult.
212 1360 280 1383 Inst.

125 1390 201 1413 Oral.

119 1457 143 1473 v.
156 1452 193 1473 ⁶20.

341 164 424 204 222

772 172 840 207 DE
871 173 1002 208 JURE
1035 172 1368 208 SEPULTURAE.

1637 170 1733 218 [Lm.
1753 174 1802 211 11.

332 280 547 335 patrium,
584 295 665 335 qao
689 295 828 323 omnes
852 282 1040 322 homines
1060 282 1173 322 inter
1194 296 1236 323 se
1259 286 1462 331 utuntur,
1495 296 1579 323 non
1603 284 1731 337 quasi
1751 283 1806 324 ab

340 347 533 386 humana
567 355 736 388 natura
772 348 954 394 condito,
988 347 1061 387 secl
1093 353 1315 402 tamquam
1350 349 1562 402 imperato
1593 363 1622 388 a
1651 349 1807 390 divina

340 478 417 518 bas
440 478 638 518 decernit.

330 413 558 466 potentia:
583 427 674 466 qaoe
698 427 792 452 cum
816 413 889 452 ille
913 413 1134 461 audiisset,
1160 414 1251 454 sine
1274 427 1397 454 mora
1423 414 1673 467 leyationem
1700 415 1806 456 The-

706 477 824 518 Idem
860 491 954 518 mox
978 477 1221 518 cThebanos
1256 478 1524 533 reprehendit
1547 479 1683 534 ²quod
1707 479 1806 521 civi-

338 542 437 583 tatis
469 556 554 583 suae
584 543 752 584 decreta
779 543 939 599 legibus
975 542 1124 584 divinis
1149 543 1509 585 antehabuissent:
1542 544 1806 600 ejusdemque

338 606 521 649 historiae
550 614 591 649 et
624 608 720 649 alibi
747 608 941 657 meminit,
977 609 1251 665 Panegyrico,
1287 609 1458 669 Helenae
1482 609 1675 659 encomio,
1712 610 1805 652 Pla-

339 673 446 715 taica
482 674 692 715 oratione:
731 674 971 715 Herodotus
994 689 1156 729 quoque
1182 674 1378 730 Calliope,
1404 675 1612 717 Diodorus
1645 676 1805 718 Siculus

338 739 601 781 historiarum
624 746 783 795 quarto,
822 740 1054 796 Xenophon
1083 740 1263 782 historiae
1298 741 1457 783 Graecae
1489 747 1619 791 sexto,
1653 747 1696 784 et
1720 743 1805 799 Ly-

337 805 418 847 sias
453 821 502 848 ea
526 820 617 860 quae
653 811 715 848 est
749 805 791 846 in
820 806 1017 847 honorem
1053 806 1333 862 sepultorum:
1369 812 1577 862 postremo
1602 807 1804 849 Aristides

337 871 379 913 in
404 871 719 921 Panathenaico,
751 871 843 927 3qui
868 872 1018 914 bellum
1052 872 1129 914 hoc
1152 878 1383 928 susceptum
1415 872 1474 915 ait
1497 887 1572 929 pro
1602 873 1805 915 communi

337 943 488 979 natura
511 937 731 979 hominum.

437 1006 466 1045 4
513 1005 569 1046 Et
592 1004 742 1059 passim
766 1004 877 1059 apud
900 1003 1088 1046 laudatos
1112 1010 1301 1046 auctores
1324 1004 1509 1046 videmus
1532 1004 1703 1063 egregia
1724 1004 1805 1046 vir-

337 1075 471 1111 tutum
506 1069 671 1111 nomina
698 1070 792 1111 huic
817 1070 945 1111 officio
980 1070 1118 1112 tribui.

1189 1072 1297 1112 Nam
1326 1070 1624 1113 humanitatem
1656 1076 1805 1113 vocant

336 1136 506 1177 4Cicero
531 1141 572 1178 et
595 1130 872 1184 dLactantiUS,
898 1136 1195 1178 humanitatem
1228 1151 1276 1178 ac
1306 1137 1660 1178 mansuetudinem
1681 1137 1804 1179 Vale-

335 1202 421 1243 rius
445 1201 663 1250 Maximus,
696 1201 1015 1243 misericordiam
1039 1208 1081 1244 et
1103 1201 1342 1259 religionem
1374 1202 1662 1252 Quintilianus,
1687 1203 1805 1244 mise-

119 1267 305 1321 }³²³¹·M³'‘·*'·
336 1267 556 1308 ricordiam
581 1273 622 1309 et
652 1267 948 1309 humanitatem
982 1267 1151 1317 Seneca,
1179 1266 1329 1312 οἴκτου
1352 1270 1432 1319 τῆς
1463 1266 1598 1320 κοινῆς
1630 1265 1803 1328 φύσεως

337 1335 651 1375 miserationem
688 1335 921 1375 communis
957 1342 1127 1375 naturce
1161 1334 1292 1383 Philo,
1327 1333 1449 1375 sortis
1483 1335 1672 1376 humanae
1697 1349 1804 1375 com-

118 1420 319 1449 ge„‚.1013ms‚
338 1399 532 1439 mercium
558 1398 735 1447 Tacitus,
760 1399 1079 1440 misericordiam
1113 1405 1154 1441 et
1175 1400 1370 1455 pietatem
1397 1399 1613 1455 Ulpianus,
1638 1400 1804 1441 Modes-

118 1481 292 1505 LiadeJos.
338 1464 448 1506 tinus
467 1464 704 1506 memoriam
728 1465 918 1506 humanae
942 1465 1210 1506 conditionis:
1248 1465 1503 1506 clementiam
1527 1465 1803 1520 Capitolinus:

119 1518 145 1541 p.
159 1514 205 1535 5:³1>
217 1518 232 1535 Β

118 1543 299 1566 Anu-vi·1·‘>-
338 1526 461 1582 ὃὶκην,
498 1530 585 1572 sive
610 1530 811 1586 justitiam
836 1530 1055 1586 Euripides
1080 1536 1121 1572 et
1146 1531 1384 1573 Lactantius
1408 1546 1417 1572 ε

671 1596 827 1638 Contra
848 1596 1098 1646 Donatistas,
1124 1597 1194 1652 qui
1217 1596 1522 1639 Catholicorum
1546 1611 1720 1653 corpora
1743 1611 1805 1639 se-

119 1574 151 1595 L,
168 1574 203 1596 14.
222 1572 266 1603 §7⁴
283 1574 316 1596 D.

117 1604 150 1627 tle
163 1604 218 1627 Rel.

117 1634 150 1657 L.
165 1634 241 1664 27.fl1
256 1634 288 1657 tle

119 1664 201 1687 Cana.
218 1666 284 1688 Inst.

119 1695 206 1724 Capit.
223 1696 250 1718 ῐη
266 1695 303 1718 M.

116 1727 215 1749 Antan.
234 1726 300 1749 Phil.

116 1762 138 1778 c.
154 1756 189 1779 13.

117 1786 239 1815 Supplie.
252 1793 288 1809 vs.

117 1817 171 1844 3719,
184 1818 237 1843 5⁴26„
251 1818 306 1841 530.

118 1846 194 1870 Lact.
209 1847 242 1870 vi.
260 1848 295 1870 12.

117 1882 144 1899 n.
159 1879 198 1901 31.

119 1908 195 1931 Cat'z.
211 1908 314 1938 Hymn.

115 1944 142 1961 x.
157 1939 195 1963 03.

337 1596 597 1639 Prudentius.

394 1719 407 1735 c
433 1714 595 1744 Thebanos
613 1712 824 1752 reprehendit]
848 1713 957 1750 Paeto,
972 1722 1036 1743 non

336 1765 456 1802 praelio,
480 1765 646 1792 obtentum
670 1773 689 1792 a
709 1763 868 1792 Thebanis
879 1763 931 1801 jus
946 1772 1036 1800 sepe-

334 1814 431 1842 liendi
446 1813 514 1841 vult
526 1813 714 1841 Plutarchus
733 1813 847 1841 Theseo
864 1812 952 1850 (pag.
971 1811 1037 1850 14.)

336 1865 382 1892 At
396 1863 506 1900 praelio
521 1863 693 1890 Pausanias
708 1863 821 1891 Atticis
834 1863 871 1897 (c.
887 1862 950 1898 39.)

394 1914 408 1930 2
422 1913 512 1941 Non:
528 1912 582 1941 sed
597 1916 633 1940 ut
648 1913 807 1945 ostendat,
820 1915 940 1949 quanta
954 1914 1036 1940 esset

335 1962 507 1991 auctoritas
530 1962 784 1997 Atheniensium,
800 1962 954 1996 observat,
970 1970 1035 1996 eos,

335 2012 389 2049 qui
400 2011 518 2040 Thebis
529 2011 699 2048 plurimum
712 2014 871 2048 poterant,
882 2010 1034 2048 majorem

333 2061 488 2090 rationem
504 2061 650 2089 habuisse
664 2061 790 2089 illorum
801 2060 1034 2098 postulationis,

335 2119 430 2147 quam
446 2110 568 2147 Legum
584 2110 623 2138 ab
638 2110 706 2147 ipso
729 2109 867 2137 Numine
888 2108 1034 2145 latarum,

335 2160 375 2187 (le
390 2159 461 2197 jure
482 2159 653 2197 sepulturae
668 2169 675 2188 :
699 2159 778 2187 Τοὺς
793 2158 825 2187 δὲ
840 2158 966 2195 κυρίους
981 2158 1034 2186 ὕν-

334 2220 396 2237 ’τας
418 2210 533 2245 Θηβῶν
554 2209 640 2237 οὕτω
663 2206 843 2243 διαθεῖσαν,
865 2206 942 2235 ὥσθ’
963 2206 1034 2235 ἑλέ-

337 2258 413 2287 σθαι
428 2259 558 2296 μᾶλλον
574 2259 691 2288 αὐτοὺς
714 2258 861 2295 ἐμμεῖναι
883 2260 955 2286 τοῖς
977 2256 1034 2286 λό-

337 2319 408 2345 ’γοις
422 2307 484 2337 ὑπὸ
506 2310 566 2344 τῆς
587 2308 720 2337 πόλεως
742 2306 994 2345 ἐκπεμφθεῖσιν,
1015 2306 1034 2342 ἦ

1455 1545 1557 1586 opus
1581 1531 1804 1588 benignum

1105 1717 1177 1743 τοῖς
1210 1714 1318 1751 νόμοις
1345 1717 1417 1744 τοῖς
1446 1714 1510 1744 ὑπὸ
1538 1714 1600 1743 τοῦ
1628 1713 1804 1751 Δαιμονίου

1105 1762 1364 1791 κατασταθεῖσι·
1407 1771 1481 1800 pag.
1508 1762 1567 1793 269
1596 1770 1625 1791 C.
1667 1763 1803 1799 Auctor,

1105 1812 1178 1839 dum
1207 1812 1360 1840 festinans
1384 1812 1518 1849 1egeret‚
1545 1821 1603 1840 nec
1625 1811 1665 1840 ad
1692 1811 1804 1841 seriem

1105 1860 1255 1888 orationis
1285 1861 1482 1896 adtenderet,
1509 1861 1616 1894 verba,
1646 1859 1709 1889 ὑπὸ
1744 1861 1806 1895 τῆς

1103 1909 1246 1945 πόλεως,
1262 1910 1418 1939 intellexit
1433 1911 1472 1939 de
1488 1910 1626 1946 Thebis3
1646 1919 1744 1948 quum
1765 1910 1804 1939 de

1103 1959 1239 1987 Athenis
1254 1963 1377 1997 agatur.
1419 1960 1453 1988 J.
1465 1960 1507 1988 B.

1163 2007 1176 2024 ³
1197 2008 1300 2037 Locus
1316 2012 1363 2037 est
1378 2018 1449 2046 pag.
1465 2010 1523 2038 204
1538 2017 1567 2038 Α.
1586 2009 1677 2037 Tom.
1698 2016 1722 2038 1.
1737 2008 1805 2038 Ed.

1102 2057 1201 2086 Paul.
1232 2058 1337 2095 Steplz.
1382 2059 1444 2086 Sed
1471 2058 1514 2086 ibi
1541 2058 1648 2096 agitur
1674 2058 1713 2086 de
1740 2058 1803 2086 alio

1102 2107 1197 2143 bello,
1213 2108 1361 2136 nimirum
1378 2108 1417 2136 de
1431 2108 1632 2146 expeditione
1652 2107 1802 2136 adversus

1103 2159 1300 2186 Amazonas:
1350 2157 1435 2195 quod
1473 2157 1663 2195 exemplum,
1704 2165 1802 2194 quum

1103 2207 1210 2236 statim
1239 2208 1423 2245 subjiciatur
1450 2207 1507 2244 illi,
1531 2208 1569 2236 de
1590 2216 1652 2245 quo
1677 2207 1803 2236 Auctor

1102 2258 1181 2294 heic,
1205 2258 1275 2286 ideo
1296 2267 1394 2286 unum
1412 2258 1559 2296 idemque
1575 2267 1642 2287 esse
1657 2257 1801 2296 putavit3

1103 2316 1140 2336 eo
1151 2307 1285 2342 facilius,
1295 2308 1380 2345 quod
1392 2308 1435 2336 ibi
1444 2310 1492 2337 est
1501 2306 1679 2337 κάνταῦθα.
1710 2306 1746 2336 J.
1756 2306 1799 2335 B.

414 2477 436 2506 4
466 2472 552 2507 And
568 2483 695 2508 names
711 2473 891 2519 implying
900 2474 1033 2508 Virtue
1050 2485 1113 2508 are
1125 2474 1234 2519 given
1250 2477 1289 2508 to
1301 2472 1374 2507 this
1388 2472 1503 2513 office,
1529 2482 1567 2506 as
1584 2472 1803 2518 humanitffi,

338 2541 465 2575 merc-y,
497 2531 727 2575 compassion,
759 2531 918 2576 reliqlon,
950 2543 974 2564 a
991 2531 1131 2576 feelinq
1148 2532 1221 2576 for
1240 2542 1308 2564 our
1336 2541 1496 2564 common
1524 2535 1663 2569 nature,
1696 2541 1720 2563 a
1748 2540 1803 2564 re-

338 2587 514 2621 collection
544 2589 591 2632 of
618 2599 686 2621 our
716 2588 851 2621 haman
882 2588 1069 2629 condition,
1096 2600 1119 2621 a
1153 2587 1253 2621 work
1290 2588 1337 2632 of
1370 2586 1542 2620 kindness.

1611 2583 1699 2630 [See
1737 2585 1803 2620 the

337 2641 519 2688 authors]
574 2643 654 2678 The
675 2645 866 2678 Donatists
893 2644 973 2679 who
995 2644 1144 2678 refused
1161 2644 1283 2678 burial
1305 2648 1343 2677 to
1368 2643 1433 2677 the
1458 2642 1586 2676 bodies
1603 2642 1647 2676 of
1665 2642 1801 2677 Catho-

337 2701 402 2734 lics
423 2712 486 2735 are
508 2701 665 2735 accused
686 2701 729 2735 of
741 2702 894 2746 impiety.
939 2702 988 2735 So
1005 2702 1183 2746 Papinius
1202 2698 1387 2744 [Statius]
1427 2699 1601 2744 Spartian
1618 2710 1700 2744 says
1721 2698 1803 2733 that

337 2756 427 2790 such
444 2769 508 2792 are
528 2759 673 2792 without
692 2769 866 2793 reverante
875 2759 946 2805 for
966 2759 1163 2804 Icumanz'ty.
1209 2758 1259 2792 So
1279 2757 1383 2802 Livy,
1401 2756 1553 2798 Homer,
1573 2756 1799 2790 Lactantius.

342 2809 458 2855 [sest]

418 2869 468 2902 II.

530 2874 547 2903 1
576 2870 697 2905 There
719 2882 781 2905 arc
803 2871 976 2906 different
993 2871 1163 2916 opinions
1188 2881 1227 2904 as
1255 2874 1294 2904 to
1315 2869 1380 2904 the
1398 2869 1517 2914 origin
1540 2867 1583 2902 of
1600 2867 1673 2902 this
1693 2879 1802 2913 prac-

358 2943 377 2961 ἦ*
397 2944 451 2973 An
465 2946 646 2982 expression
661 2947 774 2982 which,
789 2947 819 2975 in
836 2948 898 2976 this
913 2956 1012 2983 sense,
1028 2947 1160 2976 Grotius
1175 2945 1319 2984 wrongly
1333 2946 1468 2975 ascribes
1482 2948 1516 2974 to
1532 2944 1654 2974 Cicero.
1696 2943 1727 2973 J.
1742 2943 1781 2973 B.
