2018 3204
207 179 297 215 CAP.
317 177 446 222 XIX.]
639 179 707 213 DE
737 179 867 214 JURE
899 178 1230 214 SEPULTURAE.
1584 173 1666 214 235

206 287 459 331 voluntatem
490 286 617 330 solam
647 302 734 330 esse
758 302 850 344 quae
880 287 1024 331 mortis
1050 287 1324 344 anticipandae
1356 286 1566 330 consilium
1595 288 1666 330 ab-

206 353 348 396 solvat.
417 354 555 409 Atque
585 354 663 395 huc
693 353 879 396 referunt
910 353 1114 396 Samsonis
1144 354 1391 410 exemplum,
1427 353 1496 409 qui
1524 353 1567 395 in
1592 368 1665 395 suo

207 433 378 475 corpore
409 434 551 461 veram
582 419 819 476 religionem
849 419 1015 462 videbat
1035 434 1123 462 esse
1154 419 1320 468 derisui,
1352 425 1394 462 et
1419 418 1565 470 Saulis,
1597 419 1667 474 qui

206 484 343 541 gladio
373 484 569 533 incubuit,
602 499 654 526 ne
689 499 714 526 a
745 485 828 526 Dei
858 485 1020 541 suisque
1051 485 1235 527 hostibus
1268 485 1535 535 illuderetur3
1571 500 1666 526 nam

206 550 316 592 hunc
337 550 554 606 resipuisse
578 550 721 592 volunt
746 556 960 606 postquam
986 550 1184 593 Samuelis
1215 551 1362 593 umbra
1384 557 1558 593 mortem
1588 550 1665 606 ipsi

206 614 470 671 praedixerat,
501 629 622 670 quam
647 630 802 672 gnarus
829 615 905 657 sibi
928 615 1139 658 imminere
1165 616 1199 658 si
1228 623 1448 674 pugnaret,
1479 616 1665 672 praelium
1683 622 1870 678 {fam-xxxi·

205 694 282 737 pro
306 679 441 736 patria
463 686 506 723 et
535 680 615 722 Dei
638 681 730 738 lege
760 695 842 722 non
865 681 1126 732 detrectavit,
1157 688 1354 725 aeternam
1377 682 1473 723 inde
1502 683 1664 724 laudem

205 745 376 788 meritus
398 746 570 788 Davidis
591 746 713 789 etiam
737 746 966 802 praeconio:
1005 761 1031 789 a
1054 761 1133 803 quo
1158 753 1200 789 ct
1231 747 1259 788 ii
1283 747 1352 802 qui
1378 747 1542 790 Saulem
1573 762 1665 788 cum

205 811 363 854 honore
395 812 653 868 sepelierant,
678 818 790 855 recte
821 812 918 854 facti
947 811 1222 855 testimonium
1252 812 1495 855 retulerunt.
1565 813 1666 854 Ter-

206 876 309 920 tium
332 883 395 920 est
415 878 647 934 exemplum
671 878 793 920 Razis
816 877 1183 935 Hierosolymitani
1206 877 1407 919 senatoris
1429 877 1470 918 in
1494 877 1666 919 historia

206 943 477 986 Maccabaica.
541 944 624 986 Sed
659 949 701 986 et
729 944 771 985 in
802 943 1035 986 Christiana
1068 942 1240 985 historia
1273 943 1461 999 exempla
1491 943 1665 1000 legimus
1681 953 1866 1012 {graec-xiv-

206 1008 351 1051 similia
374 1024 528 1059 eorum,
552 1009 622 1065 qui
645 1015 818 1051 mortem
841 1008 918 1051 sibi
934 1008 1174 1058 intulerunt,
1199 1011 1275 1050 ane
1297 1009 1512 1051 tormentis
1529 1009 1665 1051 adacti

209 1074 363 1117 Christi
386 1075 626 1132 religionem
658 1074 880 1131 ejurarent,
910 1080 952 1116 et
975 1073 1182 1131 virginum
1211 1089 1303 1130 quae
1328 1070 1405 1116 bne
1429 1075 1665 1130 pudicitiam

206 1140 444 1183 amitterent
466 1141 508 1182 in
527 1141 677 1182 fiumen
700 1155 743 1182 se
759 1140 959 1196 jecerunt,
985 1153 1086 1196 quas
1114 1146 1157 1182 et
1179 1140 1222 1181 in
1246 1146 1480 1197 martyrum
1501 1155 1666 1183 censum

206 1206 399 1248 Ecclesiae
426 1206 580 1248 retulit.
644 1206 727 1248 Sed
749 1207 801 1248 de
831 1206 895 1248 his
918 1212 1057 1249 tamen
1079 1207 1202 1262 cquid.
1230 1206 1484 1264 Augustinus
1514 1206 1666 1249 sentiat
1684 1211 1883 1235 Lib-³·“⁸Civ·

1684 1274 1772 1302 Epixt.
1785 1272 1823 1295 61.
1832 1272 1870 1295 mr

1686 1243 1743 1270 Dei,
1758 1249 1778 1265 e.
1793 1242 1830 1265 26.

206 1271 347 1314 videre
371 1278 434 1315 est
457 1286 594 1328 operae
615 1271 804 1329 pretium.

207 1395 230 1416 1.
245 1396 318 1426 pag.
333 1388 382 1417 48.
397 1387 489 1417 Tom.
508 1397 545 1417 11.
560 1389 624 1418 Ed.
644 1388 763 1427 Basil.)
785 1391 817 1418 et
835 1388 903 1427 epi-

205 1447 349 1476 gramma
367 1442 457 1467 vetus
476 1439 672 1478 Antholoqioe
687 1439 757 1468 Lib.
779 1447 832 1468 111.
851 1439 901 1469 29.

206 1488 255 1517 tit.
275 1487 312 1517 de
332 1487 514 1526 Juvenibus,
538 1489 691 1527 incipiens
717 1487 854 1527 ω’χόμεθ’
879 1487 904 1516 ὦ

208 1537 355 1572 Μίλητε.
392 1538 531 1567 Narrant
545 1541 578 1567 et
592 1539 695 1568 Judaei
711 1538 858 1567 feminam
871 1537 902 1566 in

206 1587 278 1615 navi
291 1588 331 1616 ad
351 1591 496 1625 stuprum
511 1588 693 1625 expetitam,
709 1597 779 1616 cum
801 1597 820 1616 a
836 1596 904 1615 ma-

206 1636 268 1665 rito
280 1638 453 1675 quaesiisset
468 1647 506 1666 an
523 1640 554 1666 et
569 1637 647 1666 mari
662 1646 763 1665 mersa
772 1645 905 1674 corpora

207 1691 312 1716 essent
327 1691 549 1723 resurrectura,
561 1687 649 1724 isque
663 1686 694 1715 id
710 1686 904 1722 affirmasset,

201 1737 315 1775 jecisse
336 1746 369 1765 se
388 1736 417 1764 in
435 1745 530 1765 mare.
575 1736 826 1766 Christianarum
847 1744 904 1764 au-

207 1791 272 1814 tem
297 1785 463 1814 mulierum
492 1785 628 1823 plurima
652 1794 726 1813 sane
754 1785 904 1813 habemus

207 1835 361 1873 exempla.
404 1835 604 1863 Feminarum
633 1834 904 1863 Antiochenarum

207 1886 265 1914 sub
282 1884 482 1913 Diocletiano
498 1895 504 1912 :
530 1884 714 1922 Sophroniae
734 1885 792 1913 sub
812 1884 905 1913 Max-

207 1935 304 1971 entio,
329 1935 361 1963 in
384 1934 630 1973 MartyrologiiS,
656 1934 790 1969 Zonara,
815 1934 902 1971 (Lib.

207 1992 274 2013 xri.
289 1992 356 2021 cap·
371 1982 426 2021 33)
438 1983 534 2012 Sexto
550 1982 694 2011 Aurelio.
730 1982 820 2011 Alias
836 1983 905 2011 An-

206 2035 368 2065 tiochenas
383 2035 440 2063 sub
461 2034 601 2063 Chosroe
622 2033 710 2062 addit
730 2034 905 2072 Procopius

207 2085 408 2114 Persicorum
436 2092 474 2112 11.
498 2083 582 2122 (cap.
607 2083 656 2121 8.)
695 2083 820 2112 Laudat
842 2084 905 2112 vir-

206 2135 307 2173 gines,
330 2143 400 2172 quae
424 2136 526 2162 morte
554 2133 706 2170 pudorem
727 2136 904 2168 servarant,

206 2183 396 2213 Ambrosius
409 2183 466 2222 (cle
485 2181 637 2222 Vz‘rqinih.
652 2182 722 2211 Lib.
739 2190 791 2211 111.
807 2191 839 2220 p.
855 2182 905 2213 97.

210 2349 265 2383 To
295 2348 368 2382 this
404 2347 493 2392 they
520 2347 619 2382 refer
654 2347 717 2382 tho
754 2348 940 2393 examples
970 2348 1013 2382 of
1043 2349 1198 2383 Samson
1239 2349 1312 2383 and
1344 2349 1387 2383 of
1425 2349 1525 2384 Saul.

209 2405 348 2439 former
364 2416 437 2439 saw
455 2404 538 2439 that
566 2405 602 2437 in
628 2404 683 2438 his
710 2415 845 2449 person
875 2404 940 2439 the
968 2410 1049 2439 true
1080 2406 1234 2450 religion
1266 2417 1338 2440 was
1370 2407 1537 2441 scorned.

210 2461 323 2496 latter
352 2472 424 2495 was
454 2461 621 2495 restored
652 2465 691 2495 to
716 2472 738 2495 a
763 2461 862 2506 right
886 2473 966 2508 way
997 2462 1040 2496 of
1061 2462 1242 2508 thinking,
1268 2463 1365 2497 after
1395 2463 1458 2497 tho
1488 2463 1602 2498 shade
1631 2464 1674 2498 of

967 1388 1058 1418 Edit.
1102 1388 1213 1418 Paris.
1251 1389 1350 1427 1569.)
1392 1389 1603 1427 Hieronymus
1634 1390 1667 1418 in

970 1439 1202 1467 commentariis
1217 1439 1256 1467 ad
1268 1439 1360 1468 finem
1374 1439 1485 1476 capitis
1500 1439 1592 1476 primi
1607 1438 1667 1468 Jo-

969 1498 1018 1517 nae
1032 1500 1039 1517 :
1068 1488 1156 1518 Unde
1171 1492 1198 1517 et
1209 1489 1241 1517 in
1248 1489 1511 1526 persecutionibus
1525 1499 1583 1518 non
1599 1490 1669 1519 licet

969 1538 1191 1575 mihipropria
1202 1538 1312 1575 perire
1323 1547 1424 1573 manu,
1440 1539 1554 1577 absque
1568 1549 1602 1568 eo
1616 1540 1668 1569 ubi

969 1589 1100 1617 castitas
1115 1588 1327 1625 periclitatur.
1365 1588 1462 1626 [Vide
1489 1599 1559 1627 quae
1588 1590 1668 1619 dixi-

970 1648 1039 1667 mus
1060 1639 1090 1667 in
1115 1639 1210 1667 Libro
1227 1639 1350 1668 Gallico
1372 1640 1424 1668 De
1437 1640 1582 1670 doctrina
1595 1641 1670 1670 Mo-

970 1688 1035 1717 razi
1058 1688 1193 1717 I'atrum
1206 1688 1297 1718 Eccl.
1313 1698 1381 1727 cap.
1400 1699 1450 1718 xv.
1467 1689 1485 1728 ξ
1502 1692 1531 1724 7,
1546 1694 1574 1720 et
1584 1700 1667 1730 seqq.

970 1737 1007 1767 J.
1022 1737 1079 1775 B.]

1029 1792 1042 1808 c
1067 1787 1153 1825 Quid
1169 1787 1359 1825 Anqustinus
1377 1787 1504 1826 sentiat]
1528 1789 1587 1818 Cui
1611 1789 1668 1818 ad-

971 1837 1045 1866 dere
1066 1837 1140 1866 licet
1167 1837 1426 1875 chrysostomum
1449 1839 1480 1867 in
1505 1839 1576 1868 Gal.
1596 1840 1615 1869 i.
1638 1842 1668 1869 4.

972 1887 1083 1924 (Tom.
1099 1895 1152 1916 111.
1169 1896 1244 1924 pag.
1260 1888 1337 1921 714)
1359 1890 1391 1916 et
1408 1888 1584 1917 Concilium
1599 1890 1669 1918 Au-

970 1937 1145 1965 relianense
1160 1945 1212 1965 111.
1260 1936 1439 1966 Oblationes
1457 1938 1669 1976 dtfimctornm

971 1985 1025 2023 qui
1045 1985 1076 2013 in
1093 1985 1200 2023 aliquo
1219 1985 1485 2024 crimine-fuerint
1508 1987 1670 2024 interemti,

970 2035 1070 2072 recipi
1084 2035 1190 2064 debere
1203 2045 1362 2071 censemus,
1377 2036 1406 2064 si
1421 2040 1520 2065 tamen
1535 2047 1593 2065 non
1609 2037 1671 2075 ipsi

971 2084 1032 2111 sibi
1046 2087 1170 2112 mortem
1186 2084 1356 2121 probentur
1366 2085 1511 2122 propriis
1529 2085 1671 2115 manibus

972 2134 1120 2162 intulisse.
1164 2133 1208 2162 Et
1226 2138 1330 2163 tamen
1347 2135 1371 2162 is
1386 2135 1454 2172 ipse
1469 2135 1669 2173 Augustinus

972 2182 1042 2213 Lib.
1060 2192 1082 2213 1.
1097 2183 1134 2211 de
1151 2183 1286 2212 Ciuitate
1295 2183 1360 2212 Dei
1370 2193 1396 2213 c.
1414 2184 1471 2214 16:
1487 2184 1598 2223 Acper
1613 2185 1669 2215 hoc

1590 2350 1670 2386 Tho

1590 2407 1670 2442 The

1684 1304 1765 1327 Παῖς.
1777 1304 1800 1326 et
1810 1303 1836 1325 ii.
1848 1303 1886 1326 23.

1685 1335 1771 1357 contr.
1785 1339 1832 1357 sec.

1687 1364 1777 1388 Gaud.
1790 1363 1868 1394 epist.

212 2518 363 2553 Samuel
392 2517 465 2551 had
490 2518 681 2563 predicted
714 2522 752 2552 to
783 2518 860 2552 him
884 2518 940 2553 his
971 2519 1104 2560 death3
1129 2520 1202 2553 and
1232 2519 1374 2565 though
1391 2520 1563 2565 knowing
1588 2521 1670 2555 that

210 2575 284 2610 this
314 2585 386 2609 was
418 2579 458 2608 at
496 2574 608 2615 hand,
641 2574 686 2609 he
718 2575 781 2609 did
817 2579 883 2609 not
924 2576 1046 2610 refuse
1081 2580 1120 2610 to
1157 2576 1250 2621 fight
1282 2576 1341 2610 for
1377 2577 1460 2611 God
1501 2577 1574 2611 and
1613 2577 1670 2613 his

212 2637 389 2677 country3
410 2631 483 2665 and
512 2631 576 2665 fell
602 2642 649 2666 on
675 2631 732 2666 his
760 2632 878 2666 sword
906 2636 945 2666 to
974 2633 1081 2667 avoid
1114 2632 1178 2667 the
1202 2633 1332 2667 insults
1360 2633 1403 2667 of
1423 2633 1667 2680 theonemy:

210 2689 298 2725 thus
315 2689 505 2733 obtaining
522 2688 664 2723 eternal
681 2689 811 2733 praise,
829 2700 921 2723 even
941 2689 1039 2723 from
1058 2689 1187 2724 David.
1235 2690 1314 2724 The
1332 2689 1433 2724 third
1454 2691 1621 2736 example
1641 2691 1671 2726 is

211 2746 294 2781 that
315 2746 357 2779 of
376 2746 496 2786 Razis,
517 2745 554 2778 in
576 2745 639 2779 the
667 2745 809 2791 history
830 2746 873 2779 of
901 2745 965 2780 the
992 2746 1220 2787 Maccabees,
1242 2750 1262 2779 2
1284 2747 1399 2781 Mace.
1422 2747 1492 2782 xiv.
1517 2750 1573 2783 37.
1626 2749 1671 2782 In

213 2803 398 2838 Christian
419 2802 559 2847 history
580 2802 668 2843 also,
689 2813 743 2836 we
760 2802 849 2837 read
870 2803 1008 2837 similar
1029 2803 1213 2848 examples
1235 2803 1277 2837 of
1302 2815 1454 2849 persons
1475 2804 1555 2838 who
1577 2805 1671 2840 have

212 2860 327 2895 killed
362 2859 594 2899 themselves,
621 2859 692 2893 lest
723 2859 842 2894 under
876 2859 939 2894 the
971 2871 1140 2905 pressure
1165 2860 1208 2894 of
1231 2865 1411 2895 torments
1439 2861 1528 2907 they
1552 2861 1672 2907 might

212 2928 399 2953 renounce
419 2916 483 2952 the
504 2916 689 2951 Christian
720 2917 895 2963 religion:
928 2917 1003 2951 and
1035 2917 1078 2952 of
1102 2917 1238 2963 virgins
1268 2917 1350 2953 who
1379 2917 1472 2954 have
1497 2918 1672 2954 drowned
