2018 3204
124 564 189 594 Pag.
204 564 243 588 63.

123 596 158 618 1η
174 596 261 619 Flacc.

122 632 148 655 p.
162 625 207 652 974
216 631 242 648 A.

125 657 198 679 Αηη.
213 656 229 678 i.
241 655 280 680 22.

125 687 200 709 Orat.
214 686 247 709 <le

125 717 249 740 Con-ruet.

123 753 149 777 ι).
162 748 208 771 649
220 753 244 770 c.

126 828 221 853 Phars.
236 828 282 852 vii.

122 859 177 882 801.

122 1285 186 1315 I’ag.
199 1285 283 1313 (5471).

341 174 424 214 228
776 180 844 214 DE
876 180 1005 215 JURE
1038 179 1370 214 SEPULTURAE.
1637 176 1731 220 [LIB.
1751 178 1801 213 ΙΙ.

339 297 478 331 ventes
489 290 647 344 fuerat
672 297 896 337 certamen,
927 290 1032 331 oclia
1055 296 1199 330 vestra
1222 288 1289 330 vel
1317 301 1430 329 mors
1454 287 1601 329 alicua
1625 301 1806 342 compes·-

341 364 441 397 cat:
463 356 559 409 jam
588 364 698 397 tacet
723 370 818 396 cum
841 369 920 410 quo
942 362 1041 395 ante
1067 355 1284 409 litissabas.

443 421 528 463 ΙΙΙ.
589 423 611 461 l
663 417 822 469 ¹Quare
863 425 904 461 et
940 419 1125 461 hostibus
1161 418 1332 475 publicis
1373 418 1515 461 deberi
1551 418 1806 475 sepulturam

342 500 482 528 omncs
513 486 705 527 sentiunt.
766 484 872 527 Belli
895 485 972 526 hoc
998 485 1068 540 jus
1099 481 1233 529 κοινὸν
1265 482 1309 528 ἐν
1341 485 1434 529 τοῖς
1459 481 1662 537 πολέμοις
1687 489 1807 527 vocat

344 551 567 608 Appianus,
593 551 689 593 belli
712 551 954 592 commercia
974 550 1104 593 Philo.
1156 550 1346 593 Tacitus:
1385 553 1455 594 Ne
1477 553 1614 594 hostes
1636 552 1807 607 quidem

342 619 608 672 sepulturam
639 618 845 659 invident.
917 616 998 658 Dio
1025 617 1344 673 Chrysostomus
1374 616 1534 659 servari
1564 618 1641 659 hoc
1659 617 1728 673 jus
1748 616 1807 660 ait

343 683 467 725 etiam
488 681 534 726 ἐν
555 683 649 729 τοῖς
672 683 905 734 πολεμίοις,
931 683 1042 738 apud
1065 683 1230 725 hostes:
1254 682 1394 725 addit:
1421 680 1500 740 κᾷν
1524 685 1581 727 εἷς
1605 680 1808 743 ἐσχάτην

341 745 512 809 ἔχθραν
543 746 807 809 προέλθωσι·
844 750 1017 791 etiamsi
1051 750 1112 790 ael
1138 764 1347 791 summum
1375 751 1478 791 odia
1508 751 1805 804 processerint.

341 816 408 857 De
433 815 575 857 eadem
596 830 643 856 re
660 829 788 872 agens
813 814 1003 856 Lucanus
1019 814 1228 856 hominum
1252 814 1357 856 ritus
1380 814 1422 855 in
1442 815 1560 856 hoste
1584 815 1808 857 servandos

341 880 456 923 dixit.
523 881 699 937 Sopater
735 880 844 923 idem
886 880 956 936 qui
991 895 1142 936 supra:

342 944 468 998 τιμῆς
500 944 556 990 τό
588 949 676 989 τῶν
702 943 944 1006 ἀνθρώπων
970 944 1098 1004 ’γένος
1130 943 1359 1007 ἐστέρησε,
1392 948 1458 991 τίς
1494 944 1638 1008 ἔχθρα
1665 965 1808 999 μνησι-

341 1010 569 1065 κακήσασα
604 1010 711 1073 πρὸς
746 1012 805 1056 τά
838 1010 1202 1065 πλημμελήματα
1239 1011 1495 1072 παραβῆναι
1527 1010 1608 1057 τόν
1643 1010 1809 1062 Θεσμόν

342 1081 506 1123 τοῦτον
527 1076 767 1139 ἐνέσχετο;
802 1081 926 1127 Quod
951 1080 1104 1121 bellum
1127 1080 1203 1121 hoc
1223 1080 1375 1121 ultimo
1399 1080 1553 1121 honore
1572 1080 1809 1120 humanum

333 1147 537 1200 privavit
556 1160 687 1200 yemis
703 1145 725 1186 ?
760 1160 853 1200 quae
877 1146 1117 1187 inimicitia
1145 1160 1320 1198 eousque
1349 1147 1536 1188 extendit
1561 1146 1809 1200 maleffacto-

341 1226 439 1252 rum
473 1212 734 1259 memoriam,
768 1219 815 1252 ut
844 1212 957 1252 lianc
989 1212 1116 1265 leyem
1141 1212 1306 1253 violare
1338 1212 1551 1253 auderet?
1619 1211 1661 1252 Is
1687 1225 1809 1266 quem

343 1275 428 1318 dixi
463 1276 544 1317 Dio
582 1276 904 1332 Chrysostomus
939 1276 1125 1318 oratione
1161 1276 1213 1318 de
1244 1276 1364 1333 lege:
1413 1271 1479 1319 διά
1511 1279 1673 1320 τοῦτον
1708 1273 1810 1323 τούς

341 1338 645 1388 ἀποθανόντας
680 1336 812 1387 οὐδεὶς
847 1337 915 1384 ’ἑτι
947 1345 1074 1402 κρίνει
1112 1345 1351 1394 πολεμίους,
1387 1337 1483 1386 οὐδὲ
1524 1339 1609 1394 τήν
1640 1338 1809 1402 ’ἔχθραν

1191 882 1257 927 τίς
1295 877 1483 933 πόλεμος
1521 877 1689 931 ταύτης
1727 882 1809 933 τῆς

341 1457 509 1496 reperitur.
542 1457 650 1486 Habet
664 1456 788 1485 Auctor
803 1465 841 1485 ex
856 1456 1040 1486 ALssEmco

343 1507 502 1542 Gmma,
517 1506 569 1535 De
579 1506 660 1535 Jure
671 1505 766 1541 Belli,
778 1506 846 1534 Lib.
864 1514 900 1535 11.
913 1515 981 1543 cap.
992 1507 1041 1534 24.

340 1566 415 1595 pag.
429 1557 498 1587 459.
513 1556 607 1586 Edit.
618 1555 743 1585 Hanov.
754 1556 808 1584 ubi
819 1555 908 1584 loeus
917 1555 1042 1593 plenius

340 1608 493 1643 adfertur,
528 1609 690 1644 tamquam
731 1614 770 1634 ex
799 1614 850 1635 111,
879 1605 972 1635 Rhet.
999 1604 1044 1633 ad

340 1657 476 1686 Heretm.
485 1657 539 1695 qui
548 1656 637 1692 liber,
645 1656 755 1694 utipse
763 1658 875 1693 postea
886 1656 1042 1691 observat,

341 1718 417 1746 pag.
442 1709 511 1736 531.
537 1715 601 1735 non
627 1708 675 1734 est
699 1705 872 1741 Ciceronis,
889 1705 914 1733 si
932 1704 1041 1742 Virgi-

341 1759 425 1788 liana
442 1758 550 1787 habet.
594 1756 671 1785 Post
690 1755 825 1793 primam
851 1755 1041 1790 Editionem,

342 1817 416 1837 casu
431 1807 526 1835 incidi
540 1806 572 1834 in
586 1806 709 1835 fontem
732 1804 855 1833 erroris.
900 1803 1043 1841 Scriptor

341 1855 655 1894 Neapolitanus,Ant.
666 1854 840 1883 Sebastiam.
848 1853 1042 1889 Minturnas,

341 1908 413 1936 Lib.
428 1914 482 1935 111.
497 1905 548 1934 De
563 1905 674 1939 Poeta,
688 1912 762 1941 pag.
778 1903 847 1932 207.
864 1901 927 1930 Ed.
942 1901 1041 1931 Venet.

342 1956 429 1987 1559.
441 1955 548 1984 adlato
564 1953 691 1991 Virgilii
702 1961 803 1988 versu,
815 1951 921 1980 statim
934 1951 973 1979 de
985 1960 1041 1980 suo

343 2005 488 2043 subjicit:
534 2003 657 2041 Quippe
685 2001 797 2040 quibus
824 2004 887 2030 tum
914 2000 1041 2037 accidit,

343 2055 428 2094 quod
451 2055 605 2083 malorum.
632 2052 766 2081 omnium
796 2054 962 2080 extremum
987 2054 1041 2080 est.

344 2107 422 2136 Haec
436 2114 533 2143 quum
543 2103 681 2141 legisset,
692 2101 760 2139 ipse
775 2100 886 2135 Italus,
901 2099 1041 2129 Alberic.

345 2155 494 2191 Gentilis,
514 2156 546 2182 et
566 2151 748 2181 memoriter
768 2149 919 2184 laudavit,
947 2151 979 2178 et
1004 2158 1043 2178 ex

343 2207 468 2235 vetusto
495 2204 639 2232 Auctore
662 2200 755 2229 Libb.
784 2199 823 2228 ad
846 2198 1042 2227 Herennium

344 2256 403 2284 sibi
416 2254 521 2283 animo
537 2253 662 2282 retenta
675 2248 809 2288 putavit,
824 2247 870 2277 ita
890 2250 926 2276 ut
948 2247 1042 2276 etiam

344 2305 440 2335 verba
466 2303 610 2342 quaedam
634 2299 799 2340 paululum
819 2296 1043 2327 immutaverit.

1113 1456 1279 1495 Ejusmodi
1292 1457 1411 1496 lepida,
1426 1460 1462 1487 ut
1476 1458 1521 1487 ita
1536 1458 1648 1494 dicam,
1661 1455 1810 1495 παρορά-

1111 1519 1214 1543 μιιτα,
1230 1507 1323 1545 plura
1342 1508 1425 1536 forte
1447 1508 1765 1546 deprehenderemus,
1784 1507 1811 1536 si

1111 1565 1236 1594 semper
1248 1556 1392 1594 indagari
1406 1559 1461 1586 aut
1474 1566 1541 1585 sese
1556 1556 1669 1586 offerre
1682 1559 1812 1594 possent

1112 1605 1193 1639 loca,
1206 1605 1259 1634 ubi
1269 1605 1372 1634 cubile
1380 1609 1428 1635 est
1437 1605 1621 1634 citationum
1634 1615 1691 1643 per
1700 1614 1812 1634 manus

1111 1655 1151 1683 ab
1179 1663 1242 1683 uuo
1270 1654 1351 1684 libro
1375 1655 1407 1684 in
1431 1655 1528 1684 alium
1551 1658 1812 1694 propagatarum.

1111 1702 1146 1732 J.
1164 1703 1206 1732 B.

1172 1752 1179 1773 ¹
1204 1752 1311 1791 Quare
1338 1755 1367 1782 et
1394 1753 1531 1783 hostibus
1547 1753 1686 1791 publicis
1707 1753 1813 1783 deberi

1111 1803 1303 1840 sepulturam
1339 1812 1440 1832 omnes
1471 1802 1617 1841 sentiunt]
1652 1803 1744 1832 Philo
1778 1804 1812 1832 in

1112 1851 1261 1881 Flaccum
1275 1863 1284 1882 .·
1307 1852 1364 1888 ἤδη
1385 1853 1418 1881 δὲ
1435 1853 1489 1882 καὶ
1503 1854 1580 1882 τοὺς
1595 1853 1763 1882 πεσόντας
1778 1853 1812 1882 ἐν

1111 1902 1162 1939 τῷ
1175 1901 1313 1939 πολέμῳ
1335 1903 1402 1930 τῶν
1423 1901 1549 1940 ἐχθρῶν
1570 1903 1683 1940 ταφῆς
1702 1901 1813 1941 α’ξιοῦ-

1113 1962 1177 1987 σιν,
1192 1950 1220 1979 οἱ
1243 1951 1301 1988 μὲν
1323 1951 1479 1980 ἐπιεικεῖς
1499 1953 1553 1981 καὶ
1576 1952 1812 1990 φιλάνθρωποι

1111 2003 1188 2028 ’ταῖς
1202 1999 1327 2028 οἴκοθεν
1337 2000 1507 2036 δαπάναις,
1521 2001 1550 2030 οἱ
1565 2001 1598 2030 δὲ
1611 2001 1673 2035 τήν
1688 2000 1811 2039 ἔχθραν

1111 2050 1166 2077 καὶ
1195 2048 1279 2086 ’πρὸς
1305 2049 1381 2077 τοὺς
1410 2050 1539 2087 νεκροὺς
1567 2050 1812 2086 ἀποτείνοντες,

1114 2097 1309 2126 ύπόσπονδα
1331 2097 1378 2125 τά
1400 2097 1541 2135 σώματα
1563 2099 1706 2129 διδόντες
1728 2100 1810 2138 ὑπὲρ

1112 2147 1172 2175 ’τοῦ
1187 2146 1229 2184 μή
1244 2147 1305 2181 τῆς
1315 2146 1513 2177 τελευταίας
1525 2148 1663 2187 χάριτος
1673 2149 1812 2187 α’μοιρῆ-

1113 2208 1168 2225 σαι
1198 2197 1265 2225 τῶν
1291 2196 1520 2235 νομιζομένων·
1554 2199 1665 2228 Etiam
1697 2199 1753 2237 qui
1778 2200 1812 2228 in

1113 2245 1191 2275 bello
1205 2247 1408 2275 occubuerunt
1424 2256 1474 2276 eos
1495 2248 1630 2278 homines
1649 2249 1747 2278 solent
1768 2248 1814 2278 ad

1112 2295 1306 2334 sepulturam
1338 2295 1425 2333 dare,
1459 2297 1509 2327 illi
1545 2297 1668 2337 quidem
1699 2298 1812 2336 quibus

344 2493 429 2524 ture
445 2487 562 2533 ought
577 2489 643 2522 not
659 2490 697 2521 to
714 2486 762 2522 be
778 2486 967 2528 withheld,
983 2486 1103 2521 either
1118 2485 1216 2521 from
1234 2496 1302 2520 our
1316 2484 1458 2520 friends
1472 2495 1514 2520 or
1528 2484 1625 2519 from
1637 2485 1810 2519 enemies.

347 2546 418 2580 See
442 2544 515 2580 this
538 2543 699 2589 thought
723 2544 762 2578 in
786 2543 851 2579 the
874 2543 974 2590 Ayaoe
1000 2543 1042 2578 of
1065 2543 1285 2589 Sffophocles
1312 2543 1351 2576 in
1375 2542 1594 2587 Euripides·
1621 2541 1660 2575 in
1681 2541 1814 2587 virgil,

344 2603 419 2636 and
439 2601 503 2636 the
523 2601 647 2635 writer
667 2604 706 2635 to
728 2600 950 2642 Herennius,
971 2600 1052 2635 who
1070 2603 1200 2645 quotes
1217 2599 1335 2634 him*.
1373 2599 1423 2633 So
1440 2598 1618 2644 Papinius
1637 2596 1811 2667 [Statius]

345 2659 419 2693 and
440 2659 600 2704 Optatus
620 2657 732 2703 speak
754 2657 797 2692 of
814 2657 927 2692 death
947 2658 1188 2702 teiminating
1207 2656 1258 2691 all
1280 2657 1431 2701 enmity.

415 2716 485 2750 III.
540 2719 557 2749 1
590 2715 719 2749 Hence
747 2714 795 2748 all
820 2725 930 2760 agree
954 2714 1038 2748 that
1063 2714 1255 2760 sepulture
1277 2713 1307 2748 is
1330 2713 1403 2747 due
1420 2716 1459 2747 to
1481 2712 1607 2758 public
1625 2712 1811 2747 enemies·
1800 2737 1811 2753 ‚

348 2772 422 2805 and
450 2773 479 2806 is
510 2783 532 2806 a
559 2771 658 2816 right
679 2770 722 2805 of
745 2782 830 2806 war.
885 2771 935 2805 So
963 2771 1122 2817 Appian,
1142 2770 1263 2811 Philo,
1285 2770 1447 2812 Tacitus,
1464 2769 1537 2804 Dio
1560 2768 1811 2816 Chrysostom‚

348 2828 487 2869 Lucan,
508 2829 677 2873 Sopater,
697 2828 770 2863 Dio
789 2828 1028 2875 chrysostom
1047 2828 1170 2873 again.

508 2925 523 2940 ³³¹
549 2925 577 2953 A
594 2926 726 2955 mistake
741 2927 776 2955 of
790 2927 931 2963 Grotius,
947 2926 1047 2955 which
1067 2926 1245 2964 Barbeyrac
1260 2926 1316 2955 has
1331 2924 1529 2964 ingeniously
1544 2923 1661 2953 traced.
