2018 3204
165 983 226 1008 Lib.
243 985 320 1014 Quod

165 1021 238 1039 omn.
254 1015 333 1039 Prob.

162 1046 199 1069 sn
211 1045 286 1074 liber,
299 1052 324 1076 p.

163 1076 208 1103 871
222 1081 250 1099 1).

165 1187 236 1211 Arm.
250 1186 286 1211 vi.
301 1188 323 1213 8.

147 1320 227 1345 Ibid.
242 1320 280 1344 iii.
296 1321 335 1349 17.

159 1514 219 1538 Lib.
231 1513 298 1537 xxii.
314 1514 351 1541 75.

156 1546 227 1569 cont.
242 1545 336 1570 Fttast.

391 133 476 174 450
634 140 703 175 DE
736 139 913 175 OAUSIS
943 138 1116 174 JUSTIS
1147 139 1217 174 UT
1246 139 1467 181 BELLUM,
1496 139 1605 174 ETO.
1686 139 1784 185 [Lm.
1802 138 1853 174 H.

392 253 479 292 tum
516 248 681 305 quidem
717 246 872 302 aliquid
906 245 1074 296 faciunt,
1110 261 1192 288 non
1228 251 1366 289 autem
1402 246 1564 303 injuste,
1610 252 1855 290 annumerat

392 314 590 356 famulum
615 312 766 355 domini
796 311 1062 367 imperantis:
1095 311 1247 367 injuste
1276 318 1413 354 autem
1437 326 1531 354 eum
1561 312 1621 356 ait
1650 327 1791 370 agere,
1825 327 1853 356 a

393 394 473 435 quo
497 378 667 421 actionis
690 377 934 434 principium
962 382 1052 425 est;
1087 377 1281 419 nimirum
1305 377 1401 434 quia
1423 377 1466 419 in
1488 378 1640 421 famulo
1664 379 1727 422 vis
1749 377 1851 421 deli-

391 444 578 487 beratrix
600 443 722 501 plena
745 457 828 484 non
851 448 926 491 est,
948 447 996 484 ut
1019 441 1171 485 indicat
1193 443 1482 499 proverbium:

671 521 808 567 ”Ημισυ
832 524 892 566 τῆς
920 520 1043 567 ἀρετῆς
1071 520 1226 567 ἀποαίρει
1251 520 1388 556 δούλιον
1411 519 1511 569 ἦμαρ.

673 590 840 625 Dimidia
860 590 997 626 virtute
1018 594 1119 626 caret
1135 591 1272 626 servire
1293 594 1455 626 coactus.

386 656 443 697 Et
463 655 636 698 simile²z

611 722 746 769 ἽΙμισυ
775 722 842 770 γάρ
867 737 905 758 τε
934 724 1012 758 νόου
1036 722 1256 769 ἀπαμείρεται
1286 722 1435 770 εὐρύοπα
1464 723 1546 759 Ζεὺς·

614 780 756 826 Ἀνδρῶν
785 779 843 817 οὓς
872 779 914 814 ἂν
942 780 981 824 δὴ
1014 779 1097 815 κατὰ
1126 779 1263 815 δούλιον
1286 777 1374 826 ἧμαρ
1403 778 1519 824 ἕλῃσι.

616 846 776 880 Tollitur
794 846 881 880 huic
901 845 1094 880 hominum
1114 846 1241 892 generi
1261 856 1347 891 pars
1366 845 1485 880 altera
1504 846 1639 881 mentis

615 903 674 938 Ab
694 903 800 945 Jove,
819 903 991 938 servilem
1010 903 1128 938 voluit
1149 914 1241 949 quos
1262 902 1398 938 ducere
1418 902 1543 938 vitam.

384 969 440 1011 Et
463 967 564 1010 illud
587 981 667 1024 quo
692 967 810 1009 Philo
834 967 990 1010 utitur:

615 1049 748 1082 Δοῦλος
771 1046 936 1093 πέφυκας.
978 1047 1017 1081 οὐ
1047 1046 1188 1091 μέτεστί
1217 1061 1275 1082 σοι
1303 1048 1422 1093 λόγου.

616 1116 720 1150 Servi
741 1119 806 1149 tua
826 1119 882 1150 est
902 1115 1072 1150 fortuna:
1105 1114 1224 1150 ”ratio
1245 1115 1293 1150 ad
1312 1119 1352 1150 te
1371 1114 1476 1150 nihil.

386 1181 445 1223 Et
466 1180 566 1222 illud
588 1180 745 1222 Taciti:
762 1182 963 1236 principi
978 1196 1192 1222 summum
1214 1195 1362 1222 rerum
1374 1180 1596 1234 judicium
1618 1179 1704 1220 Dii
1726 1179 1849 1220 dede-

381 1255 497 1295 rant,
535 1247 722 1288 subditis
768 1247 957 1300 obsequii
998 1247 1146 1300 yloria
1190 1247 1346 1287 relicta
1391 1253 1464 1288 est.
1535 1244 1693 1285 Narrat
1738 1243 1849 1285 idem

381 1311 557 1367 scriptor
581 1310 740 1352 Pisonis
763 1310 889 1352 filium
907 1325 932 1352 a
950 1310 1115 1353 Tiberio
1134 1310 1301 1352 crimine
1325 1309 1421 1352 belli
1443 1309 1571 1351 civilis
1593 1313 1844 1365 purgatum:

375 1379 525 1433 patris
549 1378 705 1432 quippe
718 1377 859 1430 jussa,
885 1391 959 1418 nec
974 1378 1167 1431 potuisse
1181 1377 1329 1430 filiani
1353 1377 1601 1417 detrectare.
1633 1374 1846 1416 ⁰Seneca:

380 1458 526 1487 servus
549 1444 700 1485 herilis
723 1443 899 1497 imperii
922 1457 1006 1483 non
1029 1456 1174 1484 censor
1198 1449 1272 1490 est,
1297 1442 1371 1483 sed
1392 1442 1599 1482 minister.

481 1511 508 1551 3
555 1510 612 1550 Et
651 1507 882 1565 specialiter
922 1507 964 1548 in
999 1507 1076 1548 hac
1108 1507 1160 1549 de
1194 1506 1339 1549 militia
1375 1505 1600 1562 quaestione
1630 1503 1690 1547 ita
1721 1503 1848 1547 sensit

434 1625 447 1642 2
469 1624 588 1655 Versus
599 1622 770 1658 Homerici,
782 1631 862 1660 quos
875 1624 981 1651 tamen
994 1622 1078 1651 Auc-

376 1678 427 1705 tor
441 1683 505 1703 non
521 1683 559 1703 ex
573 1674 641 1711 ipso
655 1673 755 1708 fonte,
771 1672 824 1700 sed
840 1671 949 1709 quales
962 1672 1077 1708 legun-

376 1728 429 1754 tur
447 1724 531 1762 apud
546 1724 746 1758 ΡΕΑΤΟΝΕἈῙ,
769 1721 805 1749 de
819 1720 929 1758 Leqz'b.
945 1720 1015 1749 Lib.
1031 1729 1077 1749 VI.

376 1783 450 1812 pag.
467 1774 523 1803 777
545 1781 575 1801 A.
608 1772 674 1801 Ed.
685 1771 729 1801 H.
743 1770 851 1808 Steph.
878 1770 947 1799 heic
970 1770 1077 1799 refert.

376 1823 459 1852 Nam
470 1823 538 1860 ipse
550 1822 649 1850 Poeta
662 1821 707 1850 ita
721 1821 818 1849 habet
832 1820 864 1848 in
875 1820 1077 1848 Editionibus

376 1873 508 1901 nostris:

385 1931 483 1959 Ημισυ
492 1926 544 1960 ’γάρ
557 1927 578 1951 τ“
591 1927 687 1959 α’ρετῆς
700 1925 865 1951 ἀποαίνυται
879 1924 998 1956 εὐρύοπα
1011 1924 1076 1951 Ζεὺς

376 1971 485 2003 Ἀνέρος,
500 1970 554 1996 εὖτ’
567 1969 600 1996 ἅν
612 1981 660 2001 μιν
672 1968 742 1995 κατὰ
754 1970 865 1994 δούλιον
881 1966 954 2000 ἦμαρ
968 1967 1074 1998 ἔλησιν.

381 2022 492 2059 Odyss.
508 2022 579 2050 Lib.
595 2030 682 2050 xvn.
698 2029 777 2049 vers.
793 2021 862 2055 32¹2,
877 2019 944 2048 323.
980 2017 1075 2055 [Lec-

377 2071 495 2100 tionem
511 2070 654 2099 Platonis
671 2070 791 2097 habent
806 2071 838 2097 et
854 2068 1028 2096 Athenaeus
1043 2070 1075 2095 et

1149 1622 1287 1660 Eiymol.
1305 1622 1419 1661 Maqn.
1443 1622 1518 1652 Vid.
1543 1621 1641 1650 Clark
1662 1623 1695 1650 et
1717 1619 1845 1650 Ernesti

1149 1672 1189 1700 ad
1205 1672 1234 1700 Ιι.
1252 1673 1273 1701 ἰ.
1313 1672 1363 1701 M.
1384 1670 1434 1710 T.J
1478 1671 1716 1700 Praecedentem
1737 1672 1845 1698 autem

1148 1729 1274 1750 versum
1296 1721 1401 1750 hausit
1423 1721 1548 1749 Auctor
1570 1729 1587 1749 e
1610 1719 1781 1755 Lommo,
1809 1718 1847 1748 de

1149 1771 1278 1801 Sublim.
1297 1770 1376 1809 §43.
1393 1770 1453 1799 nisi
1468 1770 1554 1808 quod
1567 1770 1610 1798 ibi
1624 1769 1744 1807 legitur
1760 1768 1847 1798 ἁπο-

1148 1821 1291 1850 αίνυται.
1338 1820 1462 1849 Rhetor
1484 1819 1579 1848 etiam
1601 1819 1690 1848 illum
1712 1819 1845 1857 profert,

1146 1873 1308 1907 tamquam
1325 1879 1363 1899 ex
1378 1870 1529 1898 Homero.
1572 1868 1607 1898 J.
1623 1868 1665 1898 B.

1204 1924 1219 1939 1¹
1240 1919 1338 1948 Ratio
1352 1919 1397 1947 ad
1409 1922 1437 1947 te
1451 1917 1547 1956 nihil]
1568 1918 1761 1947 Themistius
1775 1927 1845 1947 ora-

1145 1968 1232 1996 tione
1261 1977 1308 1997 1x.
1339 1968 1499 2005 principes
1525 1967 1642 1996 rationi
1671 1976 1740 1997 esse
1768 1967 1846 1997 dicit

1145 2017 1271 2052 similes,
1293 2017 1408 2045 milites
1433 2017 1498 2045 irae.
1543 2016 1640 2054 (Pag.
1658 2016 1728 2046 197.
1756 2017 1845 2046 Edit.

1149 2066 1255 2095 Petav.
1271 2065 1359 2096 1618.
1374 2065 1429 2094 ubi
1442 2065 1531 2100 illud,
1543 2065 1632 2103 quasi
1647 2074 1685 2095 ex
1700 2065 1845 2102 Platone,

377 2221 445 2255 but
462 2219 510 2254 (lo
527 2223 594 2253 not
611 2222 670 2253 act
691 2217 866 2263 unjustly,
890 2217 955 2251 the
976 2220 1125 2251 servant
1146 2216 1188 2250 of
1212 2215 1277 2250 thc
1297 2219 1436 2250 master
1456 2215 1537 2250 who
1558 2214 1772 2250 commands
1792 2214 1842 2256 it3

377 2277 425 2311 he
453 2287 535 2322 says
562 2275 645 2309 that
672 2275 720 2309 he
752 2274 832 2308 who
859 2275 898 2307 in
921 2273 1011 2308 such
1036 2284 1119 2308 case
1140 2276 1217 2307 acts
1238 2273 1415 2318 unjustly,
1441 2272 1470 2307 is
1493 2271 1541 2306 he
1566 2272 1605 2305 in
1628 2271 1751 2306 whom
1777 2270 1844 2306 the

377 2333 497 2378 origin
518 2332 560 2366 of
573 2332 637 2366 the
658 2331 782 2365 action
799 2331 838 2365 is.
901 2331 976 2364 For
995 2330 1034 2363 in
1057 2330 1123 2364 the
1143 2332 1301 2370 servant,
1318 2329 1382 2363 the
1398 2339 1522 2374 power
1542 2328 1585 2363 of
1597 2327 1843 2362 deliberation

377 2390 406 2424 is
423 2393 490 2423 not
507 2388 702 2434 complete.
745 2387 795 2421 As
816 2388 854 2420 in
872 2386 936 2421 the
949 2387 1118 2432 proverb,
1137 2386 1211 2420 and
1227 2387 1266 2420 in
1283 2386 1435 2426 Homer,
1459 2386 1529 2419 The
1545 2386 1618 2430 day
1632 2385 1709 2419 that
1725 2384 1843 2419 makes

375 2458 464 2480 man
484 2458 507 2479 a
527 2446 619 2480 slave
633 2445 727 2479 takes
747 2445 834 2491 half
847 2444 899 2478 llis
915 2444 1028 2477 worth
1048 2455 1165 2488 away.
1211 2442 1295 2476 And
1312 2453 1352 2477 so
1370 2442 1491 2483 Philo,
1516 2442 1597 2476 You
1617 2452 1678 2476 are
1694 2453 1719 2475 a
1737 2441 1842 2482 slave,

376 2504 471 2537 what
492 2504 576 2536 have
597 2514 670 2547 you
686 2507 719 2535 to
740 2502 784 2534 do
804 2501 888 2534 with
913 2500 1066 2535 reason?
1115 2501 1165 2534 So
1192 2500 1353 2536 Tacitus.
1403 2499 1488 2533 And
1508 2498 1573 2533 the
1597 2508 1698 2533 same
1717 2498 1842 2532 writer

375 2563 542 2593 nam-ates
556 2559 638 2592 that
655 2558 824 2592 Tiberius
843 2557 996 2601 forgave
1016 2556 1081 2591 the
1102 2557 1215 2591 crime
1232 2556 1274 2590 of
1288 2556 1404 2590 Piso’s
1421 2567 1499 2597 son,
1511 2555 1593 2589 who
1614 2554 1782 2600 engaged
1802 2554 1841 2588 in

375 2616 441 2650 the
458 2616 542 2649 civil
562 2626 656 2649 war:
683 2615 842 2648 because
869 2613 925 2647 his
952 2613 1077 2647 father
1097 2612 1353 2652 commanded,
1373 2612 1446 2646 and
1470 2612 1536 2646 the
1556 2622 1623 2646 son
1644 2611 1753 2645 could
1773 2613 1841 2645 not

375 2673 512 2707 refuse.
565 2672 615 2706 So
642 2672 784 2706 Seneca
808 2681 902 2716 says,
931 2671 1000 2705 lee
1024 2670 1117 2705 slave
1137 2670 1166 2704 is
1186 2676 1247 2704 not
1268 2670 1321 2704 the
1342 2669 1452 2711 critic,
1469 2670 1529 2704 but
1552 2669 1605 2704 the
1624 2667 1783 2702 minister
1802 2667 1849 2715 of

376 2730 430 2764 the
450 2729 650 2763 command.

448 2790 469 2820 3
500 2785 585 2819 And
606 2784 803 2831 especially
819 2785 858 2819 in
878 2784 951 2819 this
968 2784 1139 2829 question
1160 2783 1203 2818 of
1219 2784 1344 2828 acting
1364 2793 1403 2817 as
1424 2793 1447 2817 a
1466 2781 1613 2822 soldier,
1633 2779 1840 2826 Augustine

377 2852 416 2875 so
437 2842 607 2887 thought.
659 2842 718 2876 He
738 2852 830 2886 says,
851 2840 886 2875 A
904 2842 980 2887 just
999 2852 1086 2874 man
1106 2841 1225 2886 actinsy
1246 2852 1285 2874 as
1304 2840 1441 2880 soldier,
1458 2850 1538 2874 even
1552 2838 1667 2872 under
1686 2849 1710 2871 a
1729 2835 1838 2870 sac-ri-

378 2897 504 2941 lefyious
522 2899 616 2943 kiny,
638 2910 723 2943 may
740 2899 872 2944 rioldly
897 2898 974 2933 take
998 2910 1022 2932 a
1047 2904 1137 2943 part
1161 2898 1199 2932 in
1221 2908 1300 2931 war
1320 2903 1358 2931 at
1385 2897 1437 2931 his
1461 2895 1658 2935 command,
1682 2893 1724 2938 if
1743 2893 1782 2926 he
1802 2892 1839 2926 be
