2018 3204
180 183 270 219 CAP.
291 180 419 229 XIX]
611 184 680 219 DE
711 185 840 220 JURE
873 184 1206 220 SEPULTURAE.
1557 177 1638 216 223

178 291 297 348 peliri
321 291 529 339 vetabant,
549 289 768 345 impietatis
787 297 950 333 accusat
971 291 1151 347 Optatus
1175 289 1452 332 Milevitanus.

179 356 396 413 Papinium
421 357 575 411 (Theb.
599 370 675 399 ΧΠ.
705 357 830 410 165):

637 435 742 469 Bello
764 435 949 480 cogendus
969 439 1007 470 et
1027 435 1138 470 armis

524 492 568 525 In
588 502 709 526 mores
730 491 992 537 hominemque
1010 493 1141 527 Creon.

182 556 424 613 Spartianus
453 555 556 597 tales
585 556 645 598 ait
676 571 763 597 esse
795 556 880 598 sine
909 557 1173 599 humanitatis
1203 556 1462 600 reverentia:
1498 557 1637 601 Livius
1655 569 1744 624 {3059
1762 570 1816 624 req-3,

179 622 376 665 saevitiam
413 627 532 663 vocat
567 622 677 663 ultra
710 622 981 663 humanarum
1020 622 1174 664 irarum
1210 623 1344 665 fidem.
1676 611 1682 623 ¹
1712 609 1751 624 Μ’
1782 618 1787 623 ’
1818 618 1824 624 “

1515 289 1636 345 Apud
1655 307 1717 337 opt.
1730 306 1765 330 νῑ.

1409 625 1638 666 eH0merus
1655 631 1714 655 Lib.
1728 630 1782 655 viii.
1796 631 1835 654 24.

179 688 343 729 dixerat
366 684 513 730 ἀεικέα
537 683 667 747 ἔργα.
722 688 878 728 Eorum
902 687 971 742 qui
994 702 1340 743 supervacaneam
1370 689 1555 731 facerent
1577 705 1639 731 se—

179 753 400 810 pulturam,
436 752 674 794 Lactantius
708 752 874 808 impiam
906 759 1026 795 vocat
1052 753 1307 809 sapientiam.
1368 755 1554 796 Eandem
1586 756 1637 797 ob
1655 763 1760 789 Lib-vi·
1779 765 1815 788 12·

180 833 342 860 causam
366 818 513 874 impius
535 819 722 860 Eteocles
744 819 925 874 Papinio.

279 884 339 926 II.
390 886 414 926 1
459 885 562 934 Quae
579 884 757 940 primum
781 898 902 926 causa
925 883 1049 926 moris
1069 883 1190 940 hujus
1210 884 1495 927 introducendi
1515 885 1640 927 fuerit

179 956 226 992 ut
271 964 445 1006 corpora
490 951 613 992 humo
649 957 903 1008 tegerentur,
949 950 1033 992 sive
1074 950 1237 992 condita
1274 951 1400 1007 prius,
1438 957 1484 993 ut
1529 952 1639 1007 apud

180 1017 419 1073 AEgyptios,
438 1015 523 1057 sive
541 1022 733 1065 cremata,
753 1021 800 1058 ut
820 1016 929 1072 apud
955 1017 1121 1059 Graecos
1144 1016 1373 1072 plerosque,
1394 1017 1479 1059 sive
1501 1017 1560 1059 ita
1580 1017 1638 1059 uti
1658 1025 1828 1081 {gg-2553}-

180 1089 287 1130 sunt,
317 1096 437 1137 quem
466 1096 620 1123 morem
653 1096 740 1124 esse
766 1082 1089 1138 antiquissimum
1121 1082 1281 1124 notavit
1304 1083 1447 1124 Cicero
1479 1089 1520 1125 et
1549 1090 1641 1139 post
1659 1088 1857 1148 {js-Lean&-

180 1162 273 1189 eum
297 1143 482 1197 fPlinius,
507 1147 558 1189 de
579 1163 627 1189 eo
648 1162 729 1189 non
744 1147 852 1189 idem
875 1148 1060 1190 omnibus
1079 1147 1254 1190 videtur.
1301 1149 1409 1190 Nam
1428 1149 1641 1190 Moschion

180 1213 386 1255 existimat
425 1212 673 1255 occasionem
709 1213 850 1255 datam
885 1228 937 1255 ex
979 1214 1176 1271 gigantea
1215 1213 1380 1256 feritate
1421 1215 1641 1257 mandendi

1659 835 1736 859 Theb.
1751 835 1787 858 iii.

1656 873 1681 889 v.
1695 868 1733 890 98.

179 1278 376 1328 homines,
399 1279 512 1335 cujus
534 1279 698 1321 abolitae
722 1278 883 1336 signum
907 1280 1188 1336 sepulturam3
1215 1279 1274 1322 ita
1297 1280 1403 1322 enim
1426 1280 1509 1323 ait:
1658 1288 1842 1349 23532812223·

468 1358 573 1392 Tune
594 1362 714 1393 morte
734 1363 860 1404 raptos
881 1359 1105 1405 imperatum
1125 1359 1267 1405 legibus
1659 1349 1779 1414 ᾗ“ἷ,’ῑῧ““,,
1792 1387 1850 1411 cap,

466 1415 647 1450 Mandare
667 1419 787 1456 terrae,
808 1416 1045 1462 pulveremve
1065 1417 1278 1462 inspargere
1658 1411 1814 1472 Eiffiffissfiv'

467 1472 639 1507 Necdum
661 1473 825 1518 sepultis,
846 1484 893 1508 ne
914 1473 1092 1508 darentur
1112 1474 1274 1519 conspici

466 1529 727 1563 Abominanda
748 1530 852 1575 signa
872 1534 998 1576 pastus
1019 1530 1176 1576 pristini.

281 1601 307 1640 2
354 1598 456 1640 Aliis
483 1599 676 1640 videntur
707 1599 784 1641 hoc
819 1600 940 1642 modo
963 1600 1147 1642 homines
1173 1600 1284 1642 velut
1310 1606 1454 1657 sponte
1477 1600 1644 1643 solvisse

180 1665 377 1716 debitum,
417 1664 527 1720 quod
557 1664 709 1720 alioqui
746 1665 812 1708 vel
848 1666 902 1708 ab
941 1665 1079 1708 invitis
1117 1667 1270 1722 repetit
1301 1673 1461 1709 natura.
1534 1668 1643 1708 Nam

240 1781 253 1799 ⁴
275 1781 397 1811 Nullibi
417 1781 448 1810 in
466 1781 618 1811 Oratione
642 1781 815 1818 Ciceronis,
840 1782 880 1810 ad

181 1841 275 1870 quam
290 1831 425 1860 remittit
437 1840 559 1869 margo,
573 1831 732 1869 reperitur
746 1840 805 1860 vox
822 1831 879 1859 Ῐιιι-

180 1881 350 1917 manitatis,
361 1881 425 1918 juri
441 1881 612 1918 sepulturae
627 1881 877 1910 adcommodata.

183 1930 348 1969 Originem
374 1930 498 1965 erroris,
520 1929 551 1957 in
576 1929 636 1958 hoc
658 1934 690 1958 et
713 1929 781 1958 aliis
802 1930 880 1958 locis

181 1981 325 2017 laudatis,
351 1980 520 2009 ostendent
543 1979 636 2008 Notae
660 1982 776 2008 nostrae
802 1980 880 2009 Gal-

180 2031 268 2060 licae:
289 2031 399 2059 harum
423 2030 505 2059 enim
528 2030 641 2058 modus
661 2038 723 2058 non
748 2029 880 2067 patitur,

180 2084 217 2109 ut
231 2080 336 2108 onmia
350 2079 502 2115 dicamus,
517 2079 690 2117 praesertim
712 2079 744 2107 in
765 2079 826 2108 isto
848 2082 880 2108 et

181 2129 372 2168 praecedenti
385 2129 585 2167 Capite,quae
595 2128 733 2157 omnium
745 2129 880 2158 maxime

180 2179 296 2209 talibus
311 2179 494 2216 α’βλεψὶαις
508 2181 639 2207 scatent.
681 2178 715 2207 J.
733 2179 774 2208 B.

240 2227 255 2248 ‘¹
275 2227 475 2266 Lactantius]
499 2228 599 2266 Cujus
614 2231 646 2257 et
666 2228 725 2256 hoc
745 2231 792 2256 est
809 2227 878 2256 Lib.

182 2286 230 2308 VI.
254 2288 281 2308 c.
298 2280 346 2307 12.
393 2278 543 2308 Ultimum
564 2277 646 2306 illud
665 2281 693 2306 ct
713 2278 881 2306 marimum

178 2328 308 2366 pietatis
340 2328 477 2368 officium
512 2330 564 2363 est,
588 2327 826 2365 pereyrinormn
853 2330 881 2355 et

940 1791 1120 1820 pauperum
1134 1782 1306 1820 sepultura.

1007 1836 1020 1852 θ
1040 1831 1199 1860 Homerus
1236 1831 1363 1860 (liz-erat
1396 1830 1506 1861 ἀεικέα
1542 1831 1642 1870 ἔργα]

946 1881 1034 1910 Idem
1056 1881 1182 1910 Iliados
1202 1881 1228 1910 o'
1249 1882 1362 1911 ,lovem
1378 1884 1409 1911 et
1424 1882 1510 1910 Deos
1527 1882 1645 1911 Achilli

945 1931 1044 1961 iratos
1071 1932 1167 1961 fuisse
1194 1931 1280 1968 dicit,
1305 1932 1345 1961 ob
1371 1932 1451 1961 male
1473 1935 1645 1961 tractatum

947 1990 1061 2018 corpus
1091 1981 1248 2017 Hectoris,
1280 1981 1376 2020 [vers.
1405 1983 1473 2017 113,
1499 1985 1527 2010 et
1560 1991 1643 2020 seqq.

946 2030 1050 2059 Locus
1072 2034 1178 2060 autem
1201 2032 1233 2059 in
1255 2034 1407 2060 contextu
1426 2031 1574 2060 laudatus
1599 2037 1646 2061 est

946 2081 1044 2110 Iliad.
1062 2089 1155 2110 xxu.
1170 2081 1240 2111 395.
1255 2085 1288 2110 et
1303 2089 1408 2109 xxm.
1422 2083 1470 2110 24.
1512 2081 1547 2110 J.
1562 2082 1618 2119 B.]

1009 2129 1019 2150 f
1038 2130 1180 2168 Plinius]
1210 2130 1362 2159 Historiae
1384 2129 1557 2159 Naturalis
1582 2139 1645 2160 vn.

947 2181 995 2208 54.
1020 2180 1073 2208 ubi
1102 2183 1133 2208 et
1161 2181 1241 2209 hoc:
1281 2180 1427 2217 Sepultus
1462 2180 1647 2218 intelliqz’tur

947 2238 1068 2267 quoquo
1090 2229 1178 2257 modo
1203 2230 1367 2260 conditus.-
1398 2230 1542 2260 humatus
1565 2240 1646 2267 vero,

948 2277 1038 2305 humo
1053 2281 1214 2308 contectus.

182 2493 255 2528 tice
276 2493 318 2527 of
332 2492 490 2538 burying
506 2491 654 2533 bodies;
678 2492 798 2527 either
817 2493 898 2528 first
920 2493 1146 2539 embalming
1166 2492 1281 2536 them,
1297 2505 1336 2529 as
1356 2492 1420 2530 the
1441 2494 1645 2541 Egyptians

183 2550 245 2584 did
260 2562 268 2590 ;
293 2561 335 2584 or
347 2549 507 2594 burning
523 2549 636 2590 them,
657 2560 695 2584 as
709 2561 844 2595 among
861 2550 925 2585 the
938 2551 1079 2585 Greeks
1096 2551 1251 2597 mostly3
1277 2562 1319 2585 or
1339 2551 1494 2586 without
1514 2563 1646 2598 prepa-

183 2607 316 2646 ration,
339 2606 457 2640 which
484 2606 612 2640 Cicero
631 2610 736 2641 notes
757 2618 796 2641 as
814 2606 877 2641 the
903 2607 1023 2641 oldest
1047 2608 1220 2652 practice.
1272 2607 1464 2643 Moschion
1488 2608 1648 2654 thought

184 2663 248 2698 the
266 2667 408 2698 custom
426 2662 604 2697 intended
626 2667 663 2697 to
684 2663 731 2697 be
751 2674 773 2697 a
790 2664 981 2698 memorial
1003 2664 1046 2698 of
1061 2663 1124 2698 the
1146 2664 1325 2699 abolition
1345 2664 1387 2699 of
1405 2665 1467 2700 the
1484 2667 1648 2711 practico

184 2721 228 2755 of
240 2721 365 2765 eating
385 2719 524 2753 human
542 2719 682 2754 bodies.
722 2716 838 2764 [See]

256 2781 276 2811 2
304 2777 438 2812 Others
456 2777 588 2822 regard
606 2777 635 2810 it
652 2788 690 2811 as
708 2788 730 2811 a
743 2776 880 2822 willing
896 2780 1073 2823 payment
1091 2776 1133 2812 of
1146 2789 1168 2812 a
1183 2777 1273 2813 debt
1286 2781 1327 2823 ,to
1344 2777 1500 2821 Nature,
1518 2778 1648 2822 which,

183 2834 217 2869 if
239 2838 305 2869 not
333 2834 455 2880 given,
479 2834 544 2868 she
564 2833 636 2867 will
654 2834 750 2868 take.
813 2833 910 2868 That
935 2845 1021 2868 man
1047 2834 1076 2868 is
1098 2834 1206 2869 made
1227 2835 1324 2870 from
1345 2835 1462 2876 earth,
1487 2848 1559 2872 was
1582 2842 1648 2872 not

184 2892 270 2937 only
287 2891 366 2926 told
387 2896 424 2926 to
447 2890 567 2925 Adam
586 2891 636 2936 by
657 2890 752 2925 God.
807 2890 936 2926 Cicero
953 2891 1030 2926 also
1049 2895 1177 2937 quotes
1195 2891 1292 2927 from
1306 2892 1513 2939 Euripides,
1527 2894 1648 2928 Barth.

161 2957 164 2959 ·
184 2953 217 2982 to
237 2949 335 2983 carth
346 2961 359 2987 ‚·
385 2948 457 2984 and
476 2949 514 2982 in
534 2947 633 2983 Eccl.
652 2948 712 2983 xii.
734 2950 766 2989 7,
792 2959 844 2982 wc
864 2948 964 2990 read,
989 2948 1083 2983 leen
1103 2948 1195 2983 shall
1219 2949 1271 2985 the
1291 2950 1371 2985 <inst
1396 2955 1521 2985 return
1542 2956 1574 2985 το
1596 2951 1648 2985 the
