2018 3204
251 156 341 192 CAP.
361 152 488 201 X1x.]
678 156 747 191 DE
777 156 906 191 JURE
939 155 1272 193 SEPULTURAE.
1626 152 1710 196 227

244 281 339 308 rem
361 267 643 308 indulserunt.
709 267 830 318 Quia
854 267 965 308 enim
989 281 1018 308 α
1040 268 1208 309 ratione
1232 267 1420 308 alienum
1444 275 1516 317 est,
1538 276 1708 310 natm-cc

250 333 448 374 humanm
472 347 641 373 arcana
656 340 756 387 post
779 340 953 374 mortem
973 333 1166 375 omnibus
1187 334 1415 388 conspicua
1434 335 1597 388 exponi,
1622 349 1706 376 mo-

249 413 338 440 rem
361 399 460 439 inde
489 399 545 439 ab
575 399 754 452 emtiquo
777 399 1017 453 accepimus
1044 399 1236 440 humana
1259 413 1442 453 corpora
1464 401 1705 454 sepeliendi,

248 471 297 505 ut
319 472 579 505 monumento
603 465 778 504 condita
801 464 914 505 clam
937 472 976 505 et
988 465 1147 519 procul
1163 479 1192 506 a
1213 472 1435 518 conspectu
1459 465 1706 508 tabescant:

248 543 329 583 quo
354 535 396 570 et
418 528 519 570 illud
541 527 721 584 pertinet
746 528 938 584 Gregorii
957 530 996 569 N
1000 543 1138 585 yssem
1161 530 1204 571 in
1223 529 1395 586 epistola
1417 530 1471 571 ad
1490 531 1706 574 Leto'i'um:

247 613 298 641 ως
320 614 377 646 μη
401 590 702 654 ἀναδειχθῆναι
723 613 788 637 τω
813 592 959 651 ἡλίωι
968 592 1050 646 τήν
1073 592 1380 655 ἀσχημοσύνην
1403 598 1481 648 ’τῆς
1515 593 1704 658 φυσεως,

245 674 297 702 ne
319 661 401 702 soli
423 662 672 702 ostendatur
695 661 745 701 id
767 662 879 715 quod
901 662 1096 703 dedecori
1118 670 1177 703 est
1201 663 1400 703 Izumcmoe
1422 671 1556 704 natm
1559 679 1604 704 ce.

347 728 373 768 6
419 726 528 767 Hinc
555 732 618 767 est
642 725 751 781 quod
784 725 954 767 officium
986 726 1219 782 sepeliendi,
1245 741 1327 768 non
1355 733 1439 768 tam
1463 728 1629 777 homini,
1662 728 1705 770 id

246 797 321 840 est,
346 806 545 848 perseme,
570 806 692 847 quam
715 787 1000 842 khumanitati,
1032 791 1075 833 id
1103 798 1165 833 est
1188 798 1348 834 naturae
1372 793 1572 843 humanae,
1598 808 1704 849 prae-

245 857 347 899 stari
371 857 544 899 dicitur:
578 858 688 899 unde
717 857 918 913 publicam
952 857 1057 898 hanc
1080 857 1374 899 humanitatem
1405 858 1599 901 dixerunt
1632 861 1703 901 Se·
1720 874 1909 927 ΞυυεΒεηεῃν.

245 937 346 965 neca
380 929 422 965 et
459 923 746 973 Quintilianus,
778 922 1017 965 tralatitiam
1052 922 1283 965 Petronius.
1343 922 1418 965 Cui
1454 938 1735 987 consequens
1721 934 1814 987 Qiuint
1828 935 1900 959 Dece.

244 995 319 1039 est,
344 994 391 1031 ut
411 1004 485 1031 nee
506 988 675 1030 inimicis
698 1003 772 1030 nec
795 987 978 1030 hostibus
999 987 1175 1029 invideri
1199 988 1410 1045 sepultura
1434 989 1595 1033 debeat.
1637 992 1703 1033 De
1723 995 1816 1025 ΜΨ
1831 1003 1854 1020 0·
1871 995 1923 1020 ¹¹⁴·

243 1054 414 1096 inimicis
445 1054 616 1112 egregia
648 1060 711 1096 est
739 1054 849 1110 apud
883 1053 1125 1110 Sophoclem
1156 1054 1389 1097 dissertatio
1413 1055 1602 1113 ⁶Ulyssis
1629 1072 1704 1114 pro

244 1120 453 1163 humando
475 1121 614 1176 Ajace‚
639 1120 710 1162 ubi
733 1120 810 1161 hoc
833 1119 941 1161 inter
965 1126 1126 1161 cetera:

528 1197 711 1238 Menelae,
731 1200 816 1243 post
834 1200 892 1231 tot
913 1196 1012 1231 dicta
1032 1197 1230 1242 sapienter,
1250 1208 1339 1232 cave

527 1255 732 1299 Injuriosus
753 1254 801 1289 sis
822 1254 861 1287 in
881 1253 1070 1288 hominem
1091 1258 1291 1291 mortuum.

243 1319 462 1362 Rationem
485 1320 624 1362 reddit
646 1319 866 1375 Euripides
890 1320 1107 1374 Antiqonc
1123 1335 1136 1360 .·
1720 1334 1806 1387 3143).
1821 1340 1864 1356 vv.

528 1400 631 1434 Mors
647 1399 856 1445 jurgiorum
876 1398 960 1433 finis
982 1402 1038 1433 est
1058 1398 1297 1433 mortalibus:

529 1456 633 1490 Num
652 1457 771 1501 majus
791 1455 893 1489 aliud
915 1455 1003 1500 quid
1023 1459 1147 1500 potest
1167 1455 1270 1490 letho
1291 1455 1397 1489 dari?

241 1521 357 1563 Idem
380 1522 659 1576 Supplicibus
681 1521 805 1574 (vers.
831 1521 932 1570 528,
959 1520 1090 1573 529):

526 1601 667 1636 Fecere
686 1600 790 1635 vobis
811 1599 931 1645 siquid
951 1598 1077 1645 Argivi
1099 1599 1207 1640 male,

528 1657 723 1698 Cecidere3
754 1657 792 1690 in
812 1656 937 1691 hostes
959 1657 1030 1690 ista
1049 1656 1213 1691 vindicta
1233 1658 1290 1690 est
1309 1656 1409 1691 satis.

242 1725 300 1766 Et
322 1723 519 1782 Virgilius
543 1725 668 1778 (AEn.
695 1737 755 1764 XI.
782 1724 907 1777 104):

483 1803 641 1838 Nullum
663 1813 749 1837 cum
770 1803 876 1837 victis
897 1805 1087 1837 certamen
1108 1805 1147 1837 et
1167 1801 1306 1837 aethere
1327 1802 1450 1837 cassis.

242 1870 376 1919 Quam
400 1868 641 1910 sententiam
666 1867 794 1909 citans
826 1867 1001 1922 scriptor
1025 1867 1079 1908 ad
1102 1866 1359 1908 Herennium
1383 1866 1524 1910 addit:
1559 1865 1704 1910 '‘'Nam

238 1936 350 1988 quod
368 1935 582 1976 malorum
604 1941 665 1976 est
688 1941 931 1982 extremum,
957 1934 1121 1975 accidit
1144 1934 1237 1974 illis
1248 1933 1359 1987 jam.
1429 1932 1651 1989 Papinius:
1724 1947 1922 1975 Theb.xii.573.

755 2012 1003 2046 Bellavimus:
1034 2015 1135 2046 esto:

469 2070 544 2106 Sed
564 2069 732 2105 cecidere
754 2069 851 2110 odia,
871 2073 910 2103 et
930 2069 1056 2103 tristes
1077 2079 1177 2103 mors
1198 2067 1324 2102 obruit
1343 2068 1427 2103 iras.

237 2135 297 2178 Et
328 2135 499 2178 eandem
530 2149 692 2176 causam
719 2132 857 2175 reddit
888 2133 1067 2189 Optatus
1095 2131 1384 2175 Milevitanus:
1418 2134 1470 2175 Si
1496 2134 1609 2176 inter
1640 2135 1702 2176 vi-

238 2253 384 2291 obteqere
387 2252 552 2292 puerperii
552 2251 714 2290 pudorem.
727 2249 808 2287 (Lib.
820 2259 849 2278 v.
861 2248 937 2286 e.6.)
1065 2247 1079 2268 ¹<
1093 2247 1307 2284 IInmanz‘tatz',
1323 2247 1359 2277 id
1370 2251 1414 2277 esi
1428 2252 1550 2278 naturoe
1561 2250 1703 2279 hnmana·

239 2305 291 2332 Ita
305 2312 398 2340 quam
415 2303 492 2330 nihil
508 2305 621 2330 natura
635 2300 731 2327 simus
751 2301 884 2335 apparet
903 2298 935 2325 in
998 2298 1151 2335 proestarz'
1165 2297 1295 2334 dieitur]
1330 2298 1456 2327 Servius
1475 2299 1515 2327 ad
1537 2308 1585 2328 XI.
1601 2300 1702 2329 Αἰγιε-

237 2355 310 2380 ortu
325 2356 356 2380 et
370 2352 512 2380 interitu.
555 2350 648 2384 Quod
664 2352 701 2377 ut
721 2347 936 2385 significarent
1003 2348 1094 2376 idos:
1121 2347 1292 2385 Sepulturoe
1314 2347 1393 2376 enim
1415 2348 1592 2385 beneficium
1611 2359 1701 2387 yene-

238 2401 403 2438 Sapientes
427 2399 564 2435 Hebraei,
585 2401 723 2433 vetuere,
744 2406 784 2425 ne
803 2396 934 2434 plebeiae
1002 2397 1115 2426 Taliter
1130 2397 1254 2425 debetur
1268 2397 1426 2432 universis,
1446 2398 1503 2434 (ad
1518 2407 1597 2426 vers.
1616 2399 1702 2437 106.)

236 2453 292 2479 aut
314 2458 442 2478 summae
463 2449 599 2477 fortunae
626 2447 679 2485 qui
701 2449 816 2480 essent,
838 2445 933 2474 alius·
1061 2445 1075 2463 ‘3
1097 2446 1168 2475 Non
1186 2446 1316 2484 Ulyssis,
1333 2446 1387 2475 sed
1404 2446 1598 2483 Choriffers.
1613 2449 1702 2484 1110,

236 2499 320 2528 modi
347 2499 450 2527 fasciis
478 2498 724 2533 involverentur,
751 2498 808 2525 aut
839 2495 933 2524 modo
1000 2499 1029 2525 et
1041 2505 1122 2534 seqq.
1166 2495 1201 2525 J.
1216 2496 1257 2525 B.

237 2550 303 2578 nati
317 2552 373 2578 aut
386 2548 512 2578 mortui.
1060 2544 1073 2563 ⁷
1095 2543 1215 2573 Nullibi
1230 2544 1261 2572 in
1274 2544 1366 2573 libris
1379 2544 1424 2573 acl
1435 2543 1627 2574 Herennium
1640 2545 1700 2576 hoe

238 2681 408 2727 Sopater,
429 2679 597 2725 Gregory
617 2678 774 2723 Nyssen.

310 2741 331 2772 6
362 2737 491 2772 Hence
512 2735 576 2771 the
593 2735 697 2770 office
715 2735 758 2769 of
774 2733 895 2769 burial
911 2733 941 2768 is
959 2733 1156 2768 conceived
1174 2744 1213 2768 as
1233 2732 1428 2774 rendered,
1444 2737 1511 2768 not
1530 2744 1570 2769 so
1587 2734 1699 2770 much

236 2798 275 2830 to
304 2794 368 2829 the
397 2805 495 2833 man,
522 2792 603 2827 that
630 2793 670 2833 is,
690 2791 754 2826 the
780 2791 982 2837 particular
1002 2802 1146 2836 person,
1174 2801 1213 2825 as
1239 2794 1277 2825 to
1307 2790 1523 2836 Humanity‚
1550 2791 1632 2826 that
1656 2792 1697 2832 is,

236 2857 275 2886 to
297 2852 447 2885 Human
472 2851 627 2884 Nature.
679 2850 728 2883 So
748 2849 889 2883 Seneca
906 2848 978 2882 and
1000 2848 1203 2888 Quintilian
1222 2847 1292 2881 call
1313 2847 1341 2880 it
1353 2848 1474 2892 public
1499 2848 1697 2894 humanity,

235 2908 446 2949 Petronius,
476 2907 698 2954 transferred
721 2905 920 2950 Iztcmanity.
971 2904 1055 2939 And
1082 2904 1200 2939 hence
1224 2905 1254 2939 it
1278 2903 1432 2945 follows,
1464 2904 1546 2939 that
1575 2906 1697 2951 scpul-

1410 2970 1560 3011 15—2
