<?xml version="1.0" encoding="UTF-8"?>
<!DOCTYPE html PUBLIC "-//W3C//DTD XHTML 1.0 Transitional//EN"
    "http://www.w3.org/TR/xhtml1/DTD/xhtml1-transitional.dtd">
<html xmlns="http://www.w3.org/1999/xhtml" xml:lang="en" lang="en">
 <head>
  <title>
</title>
<meta http-equiv="Content-Type" content="text/html;charset=utf-8" />
  <meta name='ocr-system' content='tesseract 3.04.00' />
  <meta name='ocr-capabilities' content='ocr_page ocr_carea ocr_par ocr_line ocrx_word'/>
</head>
<body>
  <div class='ocr_page' id='page_1' title='image "./dejurebellietpac02grotuoft_0477.png"; bbox 0 0 2018 3204; ppageno 0'>
   <div class='ocr_carea' id='block_1_1' title="bbox 115 160 1567 209">
    <p class='ocr_par' dir='ltr' id='par_1_1' title="bbox 115 160 1567 209">
     <span class='ocr_line' id='line_1_1' title="bbox 115 160 1567 209; baseline 0.001 -8"><span class='ocrx_word' id='word_1_1' title='bbox 115 165 207 201; x_wconf 77' lang='lat' dir='ltr'><em>CAP.</em></span> <span class='ocrx_word' id='word_1_2' title='bbox 226 160 390 209; x_wconf 60' lang='lat' dir='ltr'>XXVI]</span> <span class='ocrx_word' id='word_1_3' title='bbox 450 165 519 200; x_wconf 90' lang='lat' dir='ltr'><em>DE</em></span> <span class='ocrx_word' id='word_1_4' title='bbox 551 164 728 200; x_wconf 86' lang='lat' dir='ltr'>CAUSIS</span> <span class='ocrx_word' id='word_1_5' title='bbox 759 164 931 200; x_wconf 83' lang='lat' dir='ltr'>JUSTIS</span> <span class='ocrx_word' id='word_1_6' title='bbox 960 165 1030 201; x_wconf 88' lang='lat' dir='ltr'><em>UT</em></span> <span class='ocrx_word' id='word_1_7' title='bbox 1059 163 1280 208; x_wconf 85' lang='lat' dir='ltr'><strong>BELLUM,</strong></span> <span class='ocrx_word' id='word_1_8' title='bbox 1309 165 1418 202; x_wconf 85' lang='lat' dir='ltr'><em>ETC.</em></span> <span class='ocrx_word' id='word_1_9' title='bbox 1488 162 1567 202; x_wconf 86' lang='lat'><em>451</em></span> 
     </span>
    </p>
   </div>
   <div class='ocr_carea' id='block_1_2' title="bbox 101 273 1570 1360">
    <p class='ocr_par' dir='ltr' id='par_1_2' title="bbox 101 273 1570 1360">
     <span class='ocr_line' id='line_1_2' title="bbox 115 273 1564 331; baseline 0.001 -15"><span class='ocrx_word' id='word_1_10' title='bbox 115 273 382 331; x_wconf 85' lang='lat' dir='ltr'><strong>Augustinus.</strong></span> <span class='ocrx_word' id='word_1_11' title='bbox 447 273 514 315; x_wconf 82' lang='lat' dir='ltr'><em>Sic</em></span> <span class='ocrx_word' id='word_1_12' title='bbox 549 273 654 314; x_wconf 89' lang='lat' dir='ltr'><em>enim</em></span> <span class='ocrx_word' id='word_1_13' title='bbox 697 273 781 316; x_wconf 87' lang='lat' dir='ltr'><em>ait:</em></span> <span class='ocrx_word' id='word_1_14' title='bbox 815 275 938 329; x_wconf 69' lang='lat' dir='ltr'><em>Eryo</em></span> <span class='ocrx_word' id='word_1_15' title='bbox 973 276 1042 316; x_wconf 80' lang='lat' dir='ltr'><em>vir</em></span> <span class='ocrx_word' id='word_1_16' title='bbox 1067 275 1224 328; x_wconf 79' lang='lat' dir='ltr'><em>justus,</em></span> <span class='ocrx_word' id='word_1_17' title='bbox 1261 277 1302 316; x_wconf 81' lang='lat' dir='ltr'><em>si</em></span> <span class='ocrx_word' id='word_1_18' title='bbox 1327 277 1449 330; x_wconf 80' lang='lat' dir='ltr'><em>forte</em></span> <span class='ocrx_word' id='word_1_19' title='bbox 1488 278 1564 318; x_wconf 78' lang='lat' dir='ltr'><em>sub</em></span> 
     </span>
     <span class='ocr_line' id='line_1_3' title="bbox 115 340 1564 394; baseline 0.001 -13"><span class='ocrx_word' id='word_1_20' title='bbox 115 354 211 394; x_wconf 72' lang='lat' dir='ltr'><em>reqe</em></span> <span class='ocrx_word' id='word_1_21' title='bbox 233 340 364 381; x_wconf 87' lang='lat' dir='ltr'><em>etiam</em></span> <span class='ocrx_word' id='word_1_22' title='bbox 387 340 595 394; x_wconf 72' lang='lat' dir='ltr'><em>sacrileyo</em></span> <span class='ocrx_word' id='word_1_23' title='bbox 618 340 788 389; x_wconf 86' lang='lat' dir='ltr'><em>militet,</em></span> <span class='ocrx_word' id='word_1_24' title='bbox 820 348 930 382; x_wconf 84' lang='lat' dir='ltr'><em>recte</em></span> <span class='ocrx_word' id='word_1_25' title='bbox 945 345 1086 394; x_wconf 83' lang='lat' dir='ltr'><em>potest</em></span> <span class='ocrx_word' id='word_1_26' title='bbox 1108 340 1185 381; x_wconf 84' lang='lat' dir='ltr'><em>illo</em></span> <span class='ocrx_word' id='word_1_27' title='bbox 1197 340 1372 394; x_wconf 82' lang='lat' dir='ltr'><em>jubente</em></span> <span class='ocrx_word' id='word_1_28' title='bbox 1395 341 1564 390; x_wconf 80' lang='lat' dir='ltr'><em>bellare,</em></span> 
     </span>
     <span class='ocr_line' id='line_1_4' title="bbox 115 405 1567 460; baseline 0.001 -13"><span class='ocrx_word' id='word_1_29' title='bbox 115 406 156 447; x_wconf 85' lang='lat' dir='ltr'><em>si</em></span> <span class='ocrx_word' id='word_1_30' title='bbox 178 405 325 446; x_wconf 81' lang='lat' dir='ltr'><em>eivicoe</em></span> <span class='ocrx_word' id='word_1_31' title='bbox 347 406 478 460; x_wconf 80' lang='lat' dir='ltr'><em>pacis</em></span> <span class='ocrx_word' id='word_1_32' title='bbox 512 406 702 447; x_wconf 75' lang='lat' dir='ltr'><em>ordinem</em></span> <span class='ocrx_word' id='word_1_33' title='bbox 727 419 916 454; x_wconf 83' lang='lat' dir='ltr'><em>servans,</em></span> <span class='ocrx_word' id='word_1_34' title='bbox 942 407 1055 460; x_wconf 81' lang='lat' dir='ltr'><em>quod</em></span> <span class='ocrx_word' id='word_1_35' title='bbox 1084 406 1171 446; x_wconf 82' lang='lat' dir='ltr'><em>sibi</em></span> <span class='ocrx_word' id='word_1_36' title='bbox 1183 406 1372 459; x_wconf 77' lang='lat' dir='ltr'><em>jubetur,</em></span> <span class='ocrx_word' id='word_1_37' title='bbox 1396 407 1464 448; x_wconf 84' lang='lat' dir='ltr'><em>vel</em></span> <span class='ocrx_word' id='word_1_38' title='bbox 1483 421 1567 448; x_wconf 87' lang='lat' dir='ltr'><em>non</em></span> 
     </span>
     <span class='ocr_line' id='line_1_5' title="bbox 115 471 1568 526; baseline 0.002 -15"><span class='ocrx_word' id='word_1_39' title='bbox 115 484 202 512; x_wconf 78' lang='lat' dir='ltr'><em>esse</em></span> <span class='ocrx_word' id='word_1_40' title='bbox 224 477 374 512; x_wconf 83' lang='lat' dir='ltr'><em>contra</em></span> <span class='ocrx_word' id='word_1_41' title='bbox 399 471 485 512; x_wconf 88' lang='lat' dir='ltr'><em>Dei</em></span> <span class='ocrx_word' id='word_1_42' title='bbox 511 478 777 526; x_wconf 83' lang='lat' dir='ltr'><em>prceceptum</em></span> <span class='ocrx_word' id='word_1_43' title='bbox 808 478 947 512; x_wconf 81' lang='lat' dir='ltr'><em>certus</em></span> <span class='ocrx_word' id='word_1_44' title='bbox 977 478 1049 521; x_wconf 77' lang='lat' dir='ltr'><em>est,</em></span> <span class='ocrx_word' id='word_1_45' title='bbox 1075 471 1142 511; x_wconf 85' lang='lat' dir='ltr'><em>vel</em></span> <span class='ocrx_word' id='word_1_46' title='bbox 1162 479 1307 512; x_wconf 80' lang='lat' dir='ltr'><em>utrum</em></span> <span class='ocrx_word' id='word_1_47' title='bbox 1330 473 1400 520; x_wconf 76' lang='lat' dir='ltr'><em>sit,</em></span> <span class='ocrx_word' id='word_1_48' title='bbox 1425 479 1568 514; x_wconf 78' lang='lat' dir='ltr'><em>certus</em></span> 
     </span>
     <span class='ocr_line' id='line_1_6' title="bbox 114 536 1570 591; baseline 0.001 -15"><span class='ocrx_word' id='word_1_49' title='bbox 114 549 202 576; x_wconf 81' lang='lat' dir='ltr'><em>non</em></span> <span class='ocrx_word' id='word_1_50' title='bbox 225 544 285 577; x_wconf 73' lang='lat' dir='ltr'><em>est</em></span> <span class='ocrx_word' id='word_1_51' title='bbox 301 551 315 577; x_wconf 78' lang='lat'><em>.-</em></span> <span class='ocrx_word' id='word_1_52' title='bbox 346 537 413 578; x_wconf 86' lang='lat' dir='ltr'><em>ita</em></span> <span class='ocrx_word' id='word_1_53' title='bbox 441 544 489 576; x_wconf 82' lang='lat' dir='ltr'><em>ut</em></span> <span class='ocrx_word' id='word_1_54' title='bbox 511 537 706 590; x_wconf 79' lang='lat' dir='ltr'><em>fortasse</em></span> <span class='ocrx_word' id='word_1_55' title='bbox 728 550 846 578; x_wconf 79' lang='lat' dir='ltr'><em>reum</em></span> <span class='ocrx_word' id='word_1_56' title='bbox 864 536 1019 590; x_wconf 81' lang='lat' dir='ltr'><em>faciat</em></span> <span class='ocrx_word' id='word_1_57' title='bbox 1041 549 1177 589; x_wconf 67' lang='lat' dir='ltr'><em>reqem</em></span> <span class='ocrx_word' id='word_1_58' title='bbox 1202 537 1417 590; x_wconf 74' lang='lat' dir='ltr'><em>iniquitas</em></span> <span class='ocrx_word' id='word_1_59' title='bbox 1439 538 1570 591; x_wconf 85' lang='lat' dir='ltr'><em>impe-</em></span> 
     </span>
     <span class='ocr_line' id='line_1_7' title="bbox 114 601 1569 648; baseline 0.002 -7"><span class='ocrx_word' id='word_1_60' title='bbox 114 602 259 648; x_wconf 83' lang='lat' dir='ltr'><em>randi,</em></span> <span class='ocrx_word' id='word_1_61' title='bbox 291 602 548 643; x_wconf 76' lang='lat' dir='ltr'><em>innocentem</em></span> <span class='ocrx_word' id='word_1_62' title='bbox 580 609 722 643; x_wconf 86' lang='lat' dir='ltr'><em>autem</em></span> <span class='ocrx_word' id='word_1_63' title='bbox 761 602 939 642; x_wconf 82' lang='lat' dir='ltr'><em>militem</em></span> <span class='ocrx_word' id='word_1_64' title='bbox 975 601 1169 642; x_wconf 79' lang='lat' dir='ltr'><em>ostendat</em></span> <span class='ocrx_word' id='word_1_65' title='bbox 1205 602 1309 643; x_wconf 91' lang='lat' dir='ltr'><em>ordo</em></span> <span class='ocrx_word' id='word_1_66' title='bbox 1346 603 1569 644; x_wconf 80' lang='lat' dir='ltr'><em>serviendi.</em></span> 
     </span>
     <span class='ocr_line' id='line_1_8' title="bbox 113 665 1570 722; baseline 0.001 -15"><span class='ocrx_word' id='word_1_67' title='bbox 113 665 171 707; x_wconf 87' lang='lat' dir='ltr'><em>Et</em></span> <span class='ocrx_word' id='word_1_68' title='bbox 204 665 324 708; x_wconf 84' lang='lat' dir='ltr'><em>alibi·</em></span> <span class='ocrx_word' id='word_1_69' title='bbox 371 667 504 708; x_wconf 76' lang='lat' dir='ltr'><em>Miles</em></span> <span class='ocrx_word' id='word_1_70' title='bbox 545 681 641 708; x_wconf 80' lang='lat' dir='ltr'><em>cum</em></span> <span class='ocrx_word' id='word_1_71' title='bbox 675 667 866 709; x_wconf 82' lang='lat' dir='ltr'><em>obediens</em></span> <span class='ocrx_word' id='word_1_72' title='bbox 904 667 1114 721; x_wconf 77' lang='lat' dir='ltr'><em>potestati</em></span> <span class='ocrx_word' id='word_1_73' title='bbox 1147 667 1223 708; x_wconf 78' lang='lat' dir='ltr'><em>sub</em></span> <span class='ocrx_word' id='word_1_74' title='bbox 1261 681 1351 719; x_wconf 80' lang='lat' dir='ltr'><em>qua</em></span> <span class='ocrx_word' id='word_1_75' title='bbox 1387 668 1570 722; x_wconf 71' lang='lat' dir='ltr'><em>Zeyitime</em></span> 
     </span>
     <span class='ocr_line' id='line_1_9' title="bbox 113 732 1570 787; baseline 0.001 -14"><span class='ocrx_word' id='word_1_76' title='bbox 113 733 366 774; x_wconf 84' lang='lat' dir='ltr'><em>constitutus</em></span> <span class='ocrx_word' id='word_1_77' title='bbox 405 740 465 774; x_wconf 79' lang='lat' dir='ltr'><em>est</em></span> <span class='ocrx_word' id='word_1_78' title='bbox 497 732 706 774; x_wconf 89' lang='lat' dir='ltr'><em>hominem</em></span> <span class='ocrx_word' id='word_1_79' title='bbox 739 733 909 781; x_wconf 84' lang='lat' dir='ltr'><em>occidit,</em></span> <span class='ocrx_word' id='word_1_80' title='bbox 945 733 1095 773; x_wconf 82' lang='lat' dir='ltr'><em>pnulla</em></span> <span class='ocrx_word' id='word_1_81' title='bbox 1129 733 1324 774; x_wconf 82' lang='lat' dir='ltr'><em>civitatis</em></span> <span class='ocrx_word' id='word_1_82' title='bbox 1357 747 1448 774; x_wconf 81' lang='lat' dir='ltr'><em>suce</em></span> <span class='ocrx_word' id='word_1_83' title='bbox 1485 734 1570 787; x_wconf 70' lang='lat' dir='ltr'><em>leye</em></span> 
     </span>
     <span class='ocr_line' id='line_1_10' title="bbox 113 798 1570 853; baseline 0.002 -16"><span class='ocrx_word' id='word_1_84' title='bbox 113 811 212 839; x_wconf 78' lang='lat' dir='ltr'><em>reus</em></span> <span class='ocrx_word' id='word_1_85' title='bbox 243 805 302 839; x_wconf 77' lang='lat' dir='ltr'><em>est</em></span> <span class='ocrx_word' id='word_1_86' title='bbox 335 798 589 839; x_wconf 88' lang='lat' dir='ltr'><em>homicidii:</em></span> <span class='ocrx_word' id='word_1_87' title='bbox 631 799 717 839; x_wconf 85' lang='lat' dir='ltr'><em>imo</em></span> <span class='ocrx_word' id='word_1_88' title='bbox 748 798 837 839; x_wconf 86' lang='lat' dir='ltr'><em>nisi</em></span> <span class='ocrx_word' id='word_1_89' title='bbox 853 798 1027 852; x_wconf 83' lang='lat' dir='ltr'><em>fecerit,</em></span> <span class='ocrx_word' id='word_1_90' title='bbox 1063 811 1160 839; x_wconf 80' lang='lat' dir='ltr'><em>reus</em></span> <span class='ocrx_word' id='word_1_91' title='bbox 1194 805 1255 839; x_wconf 81' lang='lat' dir='ltr'><em>est</em></span> <span class='ocrx_word' id='word_1_92' title='bbox 1289 799 1465 853; x_wconf 83' lang='lat' dir='ltr'><em>imperii</em></span> <span class='ocrx_word' id='word_1_93' title='bbox 1499 800 1570 840; x_wconf 88' lang='lat' dir='ltr'><em>de-</em></span> 
     </span>
     <span class='ocr_line' id='line_1_11' title="bbox 113 863 1569 918; baseline 0.001 -15"><span class='ocrx_word' id='word_1_94' title='bbox 113 863 218 903; x_wconf 79' lang='lat' dir='ltr'><em>serti</em></span> <span class='ocrx_word' id='word_1_95' title='bbox 248 870 376 917; x_wconf 80' lang='lat' dir='ltr'><em>atque</em></span> <span class='ocrx_word' id='word_1_96' title='bbox 409 865 632 904; x_wconf 83' lang='lat' dir='ltr'><em>contemti:</em></span> <span class='ocrx_word' id='word_1_97' title='bbox 665 864 774 918; x_wconf 81' lang='lat' dir='ltr'><em>quod</em></span> <span class='ocrx_word' id='word_1_98' title='bbox 807 864 848 904; x_wconf 80' lang='lat' dir='ltr'><em>si</em></span> <span class='ocrx_word' id='word_1_99' title='bbox 879 877 961 905; x_wconf 83' lang='lat' dir='ltr'><em>sua</em></span> <span class='ocrx_word' id='word_1_100' title='bbox 992 871 1136 917; x_wconf 83' lang='lat' dir='ltr'><em>sponte</em></span> <span class='ocrx_word' id='word_1_101' title='bbox 1160 871 1287 918; x_wconf 78' lang='lat' dir='ltr'><em>atque</em></span> <span class='ocrx_word' id='word_1_102' title='bbox 1311 865 1569 906; x_wconf 80' lang='lat' dir='ltr'><em>auctoritate</em></span> 
     </span>
     <span class='ocr_line' id='line_1_12' title="bbox 101 927 1569 983; baseline 0.001 -15"><span class='ocrx_word' id='word_1_103' title='bbox 101 927 290 982; x_wconf 75' lang='lat' dir='ltr'><em>jecisset,</em></span> <span class='ocrx_word' id='word_1_104' title='bbox 315 929 363 968; x_wconf 89' lang='lat' dir='ltr'><em>in</em></span> <span class='ocrx_word' id='word_1_105' title='bbox 384 929 544 970; x_wconf 81' lang='lat' dir='ltr'><em>crimen</em></span> <span class='ocrx_word' id='word_1_106' title='bbox 565 930 689 983; x_wconf 80' lang='lat' dir='ltr'><em>effusi</em></span> <span class='ocrx_word' id='word_1_107' title='bbox 713 929 894 969; x_wconf 84' lang='lat' dir='ltr'><em>humani</em></span> <span class='ocrx_word' id='word_1_108' title='bbox 916 929 1143 983; x_wconf 41' lang='lat' dir='ltr'><em>san-quinis</em></span> <span class='ocrx_word' id='word_1_109' title='bbox 1172 930 1407 973; x_wconf 78' lang='lat' dir='ltr'><em>incidisset.</em></span> <span class='ocrx_word' id='word_1_110' title='bbox 1475 931 1569 970; x_wconf 92' lang='lat' dir='ltr'><em>Ita-</em></span> 
     </span>
     <span class='ocr_line' id='line_1_13' title="bbox 114 993 1570 1048; baseline 0.001 -15"><span class='ocrx_word' id='word_1_111' title='bbox 114 1006 192 1046; x_wconf 80' lang='lat' dir='ltr'><em>que</em></span> <span class='ocrx_word' id='word_1_112' title='bbox 220 993 331 1034; x_wconf 85' lang='lat' dir='ltr'><em>unde</em></span> <span class='ocrx_word' id='word_1_113' title='bbox 359 993 546 1048; x_wconf 84' lang='lat' dir='ltr'><em>punitur</em></span> <span class='ocrx_word' id='word_1_114' title='bbox 577 995 618 1035; x_wconf 77' lang='lat' dir='ltr'><em>si</em></span> <span class='ocrx_word' id='word_1_115' title='bbox 641 995 801 1048; x_wconf 73' lang='lat' dir='ltr'><em>jecerit</em></span> <span class='ocrx_word' id='word_1_116' title='bbox 821 994 1020 1047; x_wconf 49' lang='lat' dir='ltr'><em>injussu&amp;</em></span> <span class='ocrx_word' id='word_1_117' title='bbox 1045 995 1145 1035; x_wconf 88' lang='lat' dir='ltr'><em>inde</em></span> <span class='ocrx_word' id='word_1_118' title='bbox 1168 995 1402 1048; x_wconf 83' lang='lat' dir='ltr'><em>puniretur</em></span> <span class='ocrx_word' id='word_1_119' title='bbox 1424 996 1464 1036; x_wconf 80' lang='lat' dir='ltr'><em>si</em></span> <span class='ocrx_word' id='word_1_120' title='bbox 1486 1009 1570 1036; x_wconf 86' lang='lat' dir='ltr'><em>non</em></span> 
     </span>
     <span class='ocr_line' id='line_1_14' title="bbox 102 1058 1566 1114; baseline 0.001 -15"><span class='ocrx_word' id='word_1_121' title='bbox 102 1058 263 1112; x_wconf 80' lang='lat' dir='ltr'><em>fecerit</em></span> <span class='ocrx_word' id='word_1_122' title='bbox 276 1058 436 1111; x_wconf 77' lang='lat' dir='ltr'><em>jussus.</em></span> <span class='ocrx_word' id='word_1_123' title='bbox 498 1059 637 1114; x_wconf 87' lang='lat' dir='ltr'><em>Atque</em></span> <span class='ocrx_word' id='word_1_124' title='bbox 660 1058 753 1100; x_wconf 87' lang='lat' dir='ltr'><em>hinc</em></span> <span class='ocrx_word' id='word_1_125' title='bbox 776 1058 925 1114; x_wconf 86' lang='lat' dir='ltr'><em>passim</em></span> <span class='ocrx_word' id='word_1_126' title='bbox 956 1064 1124 1114; x_wconf 85' lang='lat' dir='ltr'><em>recepta</em></span> <span class='ocrx_word' id='word_1_127' title='bbox 1147 1064 1210 1100; x_wconf 83' lang='lat' dir='ltr'><em>est</em></span> <span class='ocrx_word' id='word_1_128' title='bbox 1232 1059 1447 1109; x_wconf 85' lang='lat' dir='ltr'><em>sententia,</em></span> <span class='ocrx_word' id='word_1_129' title='bbox 1472 1059 1566 1100; x_wconf 84' lang='lat' dir='ltr'><strong>sub-</strong></span> 
     </span>
     <span class='ocr_line' id='line_1_15' title="bbox 113 1121 1568 1180; baseline 0.001 -16"><span class='ocrx_word' id='word_1_130' title='bbox 113 1121 222 1164; x_wconf 87' lang='lat' dir='ltr'><em>ditos</em></span> <span class='ocrx_word' id='word_1_131' title='bbox 245 1123 355 1178; x_wconf 89' lang='lat' dir='ltr'><em>quod</em></span> <span class='ocrx_word' id='word_1_132' title='bbox 377 1123 538 1173; x_wconf 81' lang='lat' dir='ltr'><em>attinet,</em></span> <span class='ocrx_word' id='word_1_133' title='bbox 563 1123 653 1165; x_wconf 86' lang='lat' dir='ltr'><em>dari</em></span> <span class='ocrx_word' id='word_1_134' title='bbox 680 1123 830 1165; x_wconf 81' lang='lat' dir='ltr'><em>bellum</em></span> <span class='ocrx_word' id='word_1_135' title='bbox 865 1123 1072 1179; x_wconf 81' lang='lat' dir='ltr'><em>utrimque</em></span> <span class='ocrx_word' id='word_1_136' title='bbox 1099 1123 1268 1180; x_wconf 82' lang='lat' dir='ltr'><em>justum,</em></span> <span class='ocrx_word' id='word_1_137' title='bbox 1293 1123 1336 1166; x_wconf 91' lang='lat' dir='ltr'><em>id</em></span> <span class='ocrx_word' id='word_1_138' title='bbox 1359 1129 1422 1167; x_wconf 86' lang='lat' dir='ltr'><em>est</em></span> <span class='ocrx_word' id='word_1_139' title='bbox 1443 1123 1568 1180; x_wconf 87' lang='lat' dir='ltr'><em>injus·</em></span> 
     </span>
     <span class='ocr_line' id='line_1_16' title="bbox 112 1185 863 1245; baseline 0.001 -16"><span class='ocrx_word' id='word_1_140' title='bbox 112 1185 204 1230; x_wconf 87' lang='lat' dir='ltr'><em>titia</em></span> <span class='ocrx_word' id='word_1_141' title='bbox 226 1202 387 1238; x_wconf 86' lang='lat' dir='ltr'><em>vacans,</em></span> <span class='ocrx_word' id='word_1_142' title='bbox 410 1202 490 1244; x_wconf 88' lang='lat' dir='ltr'><em>quo</em></span> <span class='ocrx_word' id='word_1_143' title='bbox 513 1188 614 1231; x_wconf 92' lang='lat' dir='ltr'><em>illud</em></span> <span class='ocrx_word' id='word_1_144' title='bbox 634 1188 863 1245; x_wconf 71' lang='lat' dir='ltr'><em>pertinet-⁹⁶:</em></span> 
     </span>
     <span class='ocr_line' id='line_1_17' title="bbox 326 1254 1138 1314; baseline 0.001 -13"><span class='ocrx_word' id='word_1_145' title='bbox 326 1254 328 1257; x_wconf 35' lang='lat'>⁵</span> <span class='ocrx_word' id='word_1_146' title='bbox 624 1268 712 1309; x_wconf 81' lang='lat' dir='ltr'><em>Quis</em></span> <span class='ocrx_word' id='word_1_147' title='bbox 728 1268 863 1314; x_wconf 83' lang='lat' dir='ltr'><em>justius</em></span> <span class='ocrx_word' id='word_1_148' title='bbox 884 1266 1015 1302; x_wconf 83' lang='lat' dir='ltr'><em>induat</em></span> <span class='ocrx_word' id='word_1_149' title='bbox 1034 1278 1138 1302; x_wconf 86' lang='lat' dir='ltr'><em>arma</em></span> 
     </span>
     <span class='ocr_line' id='line_1_18' title="bbox 502 1324 742 1360; baseline 0.004 -1"><span class='ocrx_word' id='word_1_150' title='bbox 502 1324 606 1360; x_wconf 83' lang='lat' dir='ltr'><em>Scire</em></span> <span class='ocrx_word' id='word_1_151' title='bbox 625 1324 742 1360; x_wconf 87' lang='lat' dir='ltr'><em>nefas.</em></span> 
     </span>
    </p>
   </div>
   <div class='ocr_carea' id='block_1_3' title="bbox 109 1387 1566 1576">
    <p class='ocr_par' dir='ltr' id='par_1_3' title="bbox 109 1387 1566 1576">
     <span class='ocr_line' id='line_1_19' title="bbox 208 1387 1199 1431; baseline -0.001 0"><span class='ocrx_word' id='word_1_152' title='bbox 208 1390 239 1431; x_wconf 86' lang='lat'>4</span> <span class='ocrx_word' id='word_1_153' title='bbox 284 1388 380 1431; x_wconf 91' lang='lat' dir='ltr'><em>Non</em></span> <span class='ocrx_word' id='word_1_154' title='bbox 414 1394 527 1430; x_wconf 85' lang='lat' dir='ltr'><em>caret</em></span> <span class='ocrx_word' id='word_1_155' title='bbox 559 1394 696 1431; x_wconf 91' lang='lat' dir='ltr'><em>tamen</em></span> <span class='ocrx_word' id='word_1_156' title='bbox 730 1388 807 1430; x_wconf 87' lang='grc'>1100</span> <span class='ocrx_word' id='word_1_157' title='bbox 844 1402 918 1431; x_wconf 83' lang='lat' dir='ltr'><em>sua</em></span> <span class='ocrx_word' id='word_1_158' title='bbox 949 1387 1199 1430; x_wconf 88' lang='lat' dir='ltr'><em>difficultate.</em></span> 
     </span>
     <span class='ocr_line' id='line_1_20' title="bbox 110 1453 1566 1510; baseline 0 -13"><span class='ocrx_word' id='word_1_159' title='bbox 110 1459 283 1504; x_wconf 79' lang='lat' dir='ltr'><em>nostras,</em></span> <span class='ocrx_word' id='word_1_160' title='bbox 319 1453 390 1510; x_wconf 89' lang='lat' dir='ltr'><em>qui</em></span> <span class='ocrx_word' id='word_1_161' title='bbox 425 1453 723 1509; x_wconf 84' lang='lat' dir='ltr'><em>Cisalpinorum</em></span> <span class='ocrx_word' id='word_1_162' title='bbox 753 1453 921 1495; x_wconf 82' lang='lat' dir='ltr'><em>ultimus</em></span> <span class='ocrx_word' id='word_1_163' title='bbox 955 1453 1151 1496; x_wconf 83' lang='lat' dir='ltr'><em>Pontifex</em></span> <span class='ocrx_word' id='word_1_164' title='bbox 1187 1454 1400 1496; x_wconf 86' lang='lat' dir='ltr'><em>Romanus</em></span> <span class='ocrx_word' id='word_1_165' title='bbox 1433 1455 1566 1497; x_wconf 82' lang='lat' dir='ltr'><em>factus</em></span> 
     </span>
     <span class='ocr_line' id='line_1_21' title="bbox 109 1518 1566 1576; baseline -0.001 -13"><span class='ocrx_word' id='word_1_166' title='bbox 109 1526 186 1570; x_wconf 85' lang='lat' dir='ltr'><em>est,</em></span> <span class='ocrx_word' id='word_1_167' title='bbox 210 1518 482 1562; x_wconf 79' lang='lat' dir='ltr'><em>qcontrariam</em></span> <span class='ocrx_word' id='word_1_168' title='bbox 514 1518 699 1562; x_wconf 82' lang='lat' dir='ltr'><em>defendit</em></span> <span class='ocrx_word' id='word_1_169' title='bbox 729 1519 984 1569; x_wconf 83' lang='lat' dir='ltr'><em>sententiam,</em></span> <span class='ocrx_word' id='word_1_170' title='bbox 1010 1533 1102 1575; x_wconf 85' lang='lat' dir='ltr'><em>quae</em></span> <span class='ocrx_word' id='word_1_171' title='bbox 1132 1519 1306 1562; x_wconf 83' lang='lat' dir='ltr'><em>stabiliri</em></span> <span class='ocrx_word' id='word_1_172' title='bbox 1329 1526 1464 1576; x_wconf 85' lang='lat' dir='ltr'><em>potest</em></span> <span class='ocrx_word' id='word_1_173' title='bbox 1484 1535 1566 1562; x_wconf 91' lang='lat' dir='ltr'><em>non</em></span> 
     </span>
    </p>
   </div>
   <div class='ocr_carea' id='block_1_4' title="bbox 107 1621 807 2008">
    <p class='ocr_par' dir='ltr' id='par_1_4' title="bbox 108 1621 259 1661">
     <span class='ocr_line' id='line_1_22' title="bbox 108 1621 259 1661; baseline 0 -9"><span class='ocrx_word' id='word_1_174' title='bbox 108 1621 259 1661; x_wconf 81' lang='lat' dir='ltr'><em>profert.)</em></span> 
     </span>
    </p>

    <p class='ocr_par' dir='ltr' id='par_1_5' title="bbox 168 1672 771 1711">
     <span class='ocr_line' id='line_1_23' title="bbox 168 1672 771 1711; baseline -0.002 -9"><span class='ocrx_word' id='word_1_175' title='bbox 168 1678 183 1694; x_wconf 88' lang='lat'>⁰</span> <span class='ocrx_word' id='word_1_176' title='bbox 204 1672 337 1711; x_wconf 86' lang='lat' dir='ltr'><em>Seneca]</em></span> <span class='ocrx_word' id='word_1_177' title='bbox 360 1673 412 1702; x_wconf 89' lang='lat' dir='ltr'><em>De</em></span> <span class='ocrx_word' id='word_1_178' title='bbox 430 1672 660 1703; x_wconf 71' lang='lat' dir='ltr'><em>controversiis</em></span> <span class='ocrx_word' id='word_1_179' title='bbox 673 1680 725 1701; x_wconf 87' lang='lat'><em>111.</em></span> <span class='ocrx_word' id='word_1_180' title='bbox 739 1672 771 1703; x_wconf 85' lang='lat'><em>9.</em></span> 
     </span>
    </p>

    <p class='ocr_par' dir='ltr' id='par_1_6' title="bbox 107 1722 807 2008">
     <span class='ocr_line' id='line_1_24' title="bbox 172 1722 807 1760; baseline 0 -10"><span class='ocrx_word' id='word_1_181' title='bbox 172 1728 188 1750; x_wconf 70' lang='grc' dir='ltr'><em>Ι)</em></span> <span class='ocrx_word' id='word_1_182' title='bbox 205 1722 309 1752; x_wconf 78' lang='lat' dir='ltr'><em>Nulla</em></span> <span class='ocrx_word' id='word_1_183' title='bbox 330 1722 466 1752; x_wconf 80' lang='lat' dir='ltr'><em>civitatis</em></span> <span class='ocrx_word' id='word_1_184' title='bbox 490 1732 553 1751; x_wconf 81' lang='lat' dir='ltr'><em>suae</em></span> <span class='ocrx_word' id='word_1_185' title='bbox 576 1722 640 1760; x_wconf 72' lang='lat' dir='ltr'><em>leqe</em></span> <span class='ocrx_word' id='word_1_186' title='bbox 665 1731 736 1751; x_wconf 81' lang='lat' dir='ltr'><em>reus</em></span> <span class='ocrx_word' id='word_1_187' title='bbox 763 1723 807 1750; x_wconf 84' lang='lat' dir='ltr'><em>est</em></span> 
     </span>
     <span class='ocr_line' id='line_1_25' title="bbox 109 1770 805 1810; baseline -0.004 -8"><span class='ocrx_word' id='word_1_188' title='bbox 109 1771 284 1810; x_wconf 85' lang='lat' dir='ltr'><em>homicidii]</em></span> <span class='ocrx_word' id='word_1_189' title='bbox 307 1772 396 1801; x_wconf 88' lang='lat' dir='ltr'><em>Idem</em></span> <span class='ocrx_word' id='word_1_190' title='bbox 415 1772 616 1810; x_wconf 82' lang='lat' dir='ltr'><em>Augustinus</em></span> <span class='ocrx_word' id='word_1_191' title='bbox 635 1771 672 1800; x_wconf 88' lang='lat' dir='ltr'><em>de</em></span> <span class='ocrx_word' id='word_1_192' title='bbox 690 1770 805 1800; x_wconf 84' lang='lat' dir='ltr'><em>Libero</em></span> 
     </span>
     <span class='ocr_line' id='line_1_26' title="bbox 108 1820 804 1852; baseline -0.003 -1"><span class='ocrx_word' id='word_1_193' title='bbox 108 1822 250 1852; x_wconf 81' lang='lat' dir='ltr'><em>Arbitrio</em></span> <span class='ocrx_word' id='word_1_194' title='bbox 265 1821 345 1850; x_wconf 90' lang='lat' dir='ltr'><em>libro</em></span> <span class='ocrx_word' id='word_1_195' title='bbox 360 1830 382 1851; x_wconf 89' lang='lat'><em>1.</em></span> <span class='ocrx_word' id='word_1_196' title='bbox 425 1821 461 1850; x_wconf 73' lang='lat' dir='ltr'><em>Si</em></span> <span class='ocrx_word' id='word_1_197' title='bbox 476 1821 676 1850; x_wconf 80' lang='lat' dir='ltr'><em>homicidium</em></span> <span class='ocrx_word' id='word_1_198' title='bbox 690 1823 734 1850; x_wconf 80' lang='lat' dir='ltr'><em>est</em></span> <span class='ocrx_word' id='word_1_199' title='bbox 748 1820 804 1849; x_wconf 86' lang='lat' dir='ltr'><em>ho-</em></span> 
     </span>
     <span class='ocr_line' id='line_1_27' title="bbox 108 1869 805 1909; baseline -0.004 -8"><span class='ocrx_word' id='word_1_200' title='bbox 108 1873 218 1901; x_wconf 85' lang='lat' dir='ltr'><em>minem</em></span> <span class='ocrx_word' id='word_1_201' title='bbox 238 1871 387 1907; x_wconf 85' lang='lat' dir='ltr'><em>occidere,</em></span> <span class='ocrx_word' id='word_1_202' title='bbox 405 1874 506 1909; x_wconf 80' lang='lat' dir='ltr'><em>potest</em></span> <span class='ocrx_word' id='word_1_203' title='bbox 527 1870 700 1909; x_wconf 83' lang='lat' dir='ltr'><em>aliquando</em></span> <span class='ocrx_word' id='word_1_204' title='bbox 721 1869 805 1899; x_wconf 82' lang='lat' dir='ltr'><em>acci-</em></span> 
     </span>
     <span class='ocr_line' id='line_1_28' title="bbox 107 1921 804 1960; baseline -0.004 -9"><span class='ocrx_word' id='word_1_205' title='bbox 107 1922 180 1951; x_wconf 84' lang='lat' dir='ltr'><em>dere</em></span> <span class='ocrx_word' id='word_1_206' title='bbox 200 1922 264 1951; x_wconf 78' lang='lat' dir='ltr'><em>sine</em></span> <span class='ocrx_word' id='word_1_207' title='bbox 278 1925 419 1960; x_wconf 79' lang='lat' dir='ltr'><em>peccato,</em></span> <span class='ocrx_word' id='word_1_208' title='bbox 441 1931 512 1950; x_wconf 84' lang='lat' dir='ltr'><em>nam</em></span> <span class='ocrx_word' id='word_1_209' title='bbox 529 1924 556 1950; x_wconf 83' lang='lat' dir='ltr'><em>et</em></span> <span class='ocrx_word' id='word_1_210' title='bbox 575 1921 662 1949; x_wconf 85' lang='lat' dir='ltr'><em>miles</em></span> <span class='ocrx_word' id='word_1_211' title='bbox 681 1921 804 1956; x_wconf 79' lang='lat' dir='ltr'><em>hostem,</em></span> 
     </span>
     <span class='ocr_line' id='line_1_29' title="bbox 107 1970 805 2008; baseline -0.004 -7"><span class='ocrx_word' id='word_1_212' title='bbox 107 1972 241 2008; x_wconf 77' lang='lat' dir='ltr'><em>etjudea:</em></span> <span class='ocrx_word' id='word_1_213' title='bbox 256 1971 304 2001; x_wconf 80' lang='lat' dir='ltr'><em>vel</em></span> <span class='ocrx_word' id='word_1_214' title='bbox 317 1972 454 2000; x_wconf 79' lang='lat' dir='ltr'><em>minister</em></span> <span class='ocrx_word' id='word_1_215' title='bbox 468 1971 533 2007; x_wconf 63' lang='lat' dir='ltr'><em>(jus</em></span> <span class='ocrx_word' id='word_1_216' title='bbox 546 1973 705 2006; x_wconf 81' lang='lat' dir='ltr'><em>nocentem,</em></span> <span class='ocrx_word' id='word_1_217' title='bbox 717 1973 744 1999; x_wconf 88' lang='lat' dir='ltr'><em>et</em></span> <span class='ocrx_word' id='word_1_218' title='bbox 753 1970 805 1999; x_wconf 81' lang='lat' dir='ltr'><em>eui</em></span> 
     </span>
    </p>
   </div>
   <div class='ocr_carea' id='block_1_5' title="bbox 865 1622 1568 2006">
    <p class='ocr_par' dir='ltr' id='par_1_7' title="bbox 866 1622 1568 1811">
     <span class='ocr_line' id='line_1_30' title="bbox 870 1622 1568 1654; baseline 0.003 -2"><span class='ocrx_word' id='word_1_219' title='bbox 870 1631 938 1652; x_wconf 82' lang='lat' dir='ltr'><em>cum</em></span> <span class='ocrx_word' id='word_1_220' title='bbox 960 1622 1109 1651; x_wconf 86' lang='lat' dir='ltr'><em>hominem</em></span> <span class='ocrx_word' id='word_1_221' title='bbox 1132 1622 1295 1652; x_wconf 72' lang='lat' dir='ltr'><em>occidunt:</em></span> <span class='ocrx_word' id='word_1_222' title='bbox 1326 1623 1381 1652; x_wconf 86' lang='lat' dir='ltr'><em>sed</em></span> <span class='ocrx_word' id='word_1_223' title='bbox 1402 1633 1455 1653; x_wconf 89' lang='lat' dir='ltr'><em>nec</em></span> <span class='ocrx_word' id='word_1_224' title='bbox 1476 1625 1568 1654; x_wconf 85' lang='lat' dir='ltr'><em>etiam</em></span> 
     </span>
     <span class='ocr_line' id='line_1_31' title="bbox 867 1672 1568 1711; baseline 0.003 -11"><span class='ocrx_word' id='word_1_225' title='bbox 867 1672 1030 1701; x_wconf 79' lang='lat' dir='ltr'><em>homicidoe</em></span> <span class='ocrx_word' id='word_1_226' title='bbox 1050 1673 1104 1701; x_wconf 84' lang='lat' dir='ltr'><em>isti</em></span> <span class='ocrx_word' id='word_1_227' title='bbox 1122 1673 1281 1711; x_wconf 79' lang='lat' dir='ltr'><em>appellari</em></span> <span class='ocrx_word' id='word_1_228' title='bbox 1294 1673 1400 1702; x_wconf 80' lang='lat' dir='ltr'><em>solent.</em></span> <span class='ocrx_word' id='word_1_229' title='bbox 1442 1674 1568 1704; x_wconf 80' lang='lat' dir='ltr'><em>Retulit</em></span> 
     </span>
     <span class='ocr_line' id='line_1_32' title="bbox 869 1721 1567 1761; baseline 0.001 -10"><span class='ocrx_word' id='word_1_230' title='bbox 869 1721 1041 1751; x_wconf 81' lang='lat' dir='ltr'><em>Gratianus</em></span> <span class='ocrx_word' id='word_1_231' title='bbox 1059 1721 1092 1750; x_wconf 90' lang='lat' dir='ltr'><em>in</em></span> <span class='ocrx_word' id='word_1_232' title='bbox 1114 1731 1214 1751; x_wconf 82' lang='lat' dir='ltr'><em>causae</em></span> <span class='ocrx_word' id='word_1_233' title='bbox 1229 1730 1336 1751; x_wconf 83' lang='lat' dir='ltr'><em>xxm.</em></span> <span class='ocrx_word' id='word_1_234' title='bbox 1361 1723 1567 1761; x_wconf 67' lang='lat' dir='ltr'><em>quaestionem</em></span> 
     </span>
     <span class='ocr_line' id='line_1_33' title="bbox 866 1771 1318 1811; baseline -0.002 -9"><span class='ocrx_word' id='word_1_235' title='bbox 866 1781 896 1802; x_wconf 79' lang='lat' dir='ltr'><em>v.</em></span> <span class='ocrx_word' id='word_1_236' title='bbox 938 1771 1004 1810; x_wconf 86' lang='lat' dir='ltr'><em>(Ex</em></span> <span class='ocrx_word' id='word_1_237' title='bbox 1019 1781 1085 1810; x_wconf 86' lang='lat' dir='ltr'><em>cap.</em></span> <span class='ocrx_word' id='word_1_238' title='bbox 1095 1774 1125 1801; x_wconf 83' lang='lat'><em>4.</em></span> <span class='ocrx_word' id='word_1_239' title='bbox 1142 1772 1216 1802; x_wconf 89' lang='lat' dir='ltr'><em>dict.</em></span> <span class='ocrx_word' id='word_1_240' title='bbox 1232 1772 1318 1811; x_wconf 91' lang='lat' dir='ltr'><em>Lib.)</em></span> 
     </span>
    </p>

    <p class='ocr_par' dir='ltr' id='par_1_8' title="bbox 865 1821 1567 1907">
     <span class='ocr_line' id='line_1_34' title="bbox 925 1821 1567 1858; baseline 0.003 -7"><span class='ocrx_word' id='word_1_241' title='bbox 925 1821 938 1838; x_wconf 76' lang='grc'><strong>3</strong></span> <span class='ocrx_word' id='word_1_242' title='bbox 960 1821 1079 1851; x_wconf 85' lang='lat' dir='ltr'><em>Versus</em></span> <span class='ocrx_word' id='word_1_243' title='bbox 1102 1822 1245 1858; x_wconf 57' lang='lat' dir='ltr'><em>Lucixr,</em></span> <span class='ocrx_word' id='word_1_244' title='bbox 1268 1822 1423 1852; x_wconf 81' lang='lat' dir='ltr'><em>Pharsal.</em></span> <span class='ocrx_word' id='word_1_245' title='bbox 1446 1822 1519 1853; x_wconf 88' lang='lat' dir='ltr'><em>Lib.</em></span> <span class='ocrx_word' id='word_1_246' title='bbox 1542 1831 1567 1853; x_wconf 89' lang='lat'><em>1.</em></span> 
     </span>
     <span class='ocr_line' id='line_1_35' title="bbox 865 1871 1250 1907; baseline -0.003 -6"><span class='ocrx_word' id='word_1_247' title='bbox 865 1881 945 1901; x_wconf 77' lang='lat' dir='ltr'><em>vers.</em></span> <span class='ocrx_word' id='word_1_248' title='bbox 962 1871 1030 1907; x_wconf 81' lang='lat'><em>126,</em></span> <span class='ocrx_word' id='word_1_249' title='bbox 1046 1874 1114 1901; x_wconf 81' lang='grc'>127.</span> <span class='ocrx_word' id='word_1_250' title='bbox 1155 1872 1192 1902; x_wconf 88' lang='lat' dir='ltr'><em>J.</em></span> <span class='ocrx_word' id='word_1_251' title='bbox 1208 1873 1250 1901; x_wconf 92' lang='lat' dir='ltr'><em>B.</em></span> 
     </span>
    </p>

    <p class='ocr_par' dir='ltr' id='par_1_9' title="bbox 865 1917 1563 2006">
     <span class='ocr_line' id='line_1_36' title="bbox 925 1917 1563 1956; baseline 0.005 -11"><span class='ocrx_word' id='word_1_252' title='bbox 925 1923 940 1944; x_wconf 74' lang='lat' dir='ltr'><strong>q</strong></span> <span class='ocrx_word' id='word_1_253' title='bbox 976 1918 1177 1947; x_wconf 84' lang='lat' dir='ltr'><em>Contrariam</em></span> <span class='ocrx_word' id='word_1_254' title='bbox 1206 1918 1343 1956; x_wconf 82' lang='lat' dir='ltr'><em>defendit</em></span> <span class='ocrx_word' id='word_1_255' title='bbox 1369 1917 1563 1956; x_wconf 76' lang='lat' dir='ltr'><em>sententiam]</em></span> 
     </span>
     <span class='ocr_line' id='line_1_37' title="bbox 865 1967 1563 2006; baseline 0.004 -11"><span class='ocrx_word' id='word_1_256' title='bbox 865 1967 1055 2005; x_wconf 87' lang='lat' dir='ltr'><em>Exemplum</em></span> <span class='ocrx_word' id='word_1_257' title='bbox 1080 1968 1161 1996; x_wconf 84' lang='lat' dir='ltr'><em>hanc</em></span> <span class='ocrx_word' id='word_1_258' title='bbox 1183 1968 1383 2006; x_wconf 81' lang='lat' dir='ltr'><em>sequentium</em></span> <span class='ocrx_word' id='word_1_259' title='bbox 1407 1971 1455 1998; x_wconf 85' lang='lat' dir='ltr'><em>est</em></span> <span class='ocrx_word' id='word_1_260' title='bbox 1477 1968 1563 2006; x_wconf 85' lang='lat' dir='ltr'><em>apud</em></span> 
     </span>
    </p>
   </div>
   <div class='ocr_carea' id='block_1_6' title="bbox 97 2017 1183 2059">
    <p class='ocr_par' dir='ltr' id='par_1_10' title="bbox 97 2017 1183 2059">
     <span class='ocr_line' id='line_1_38' title="bbox 97 2017 1183 2059; baseline -0.006 -9"><span class='ocrx_word' id='word_1_261' title='bbox 97 2021 189 2059; x_wconf 67' lang='lat' dir='ltr'><em>flav-te</em></span> <span class='ocrx_word' id='word_1_262' title='bbox 210 2021 306 2050; x_wconf 84' lang='lat' dir='ltr'><em>invito</em></span> <span class='ocrx_word' id='word_1_263' title='bbox 328 2024 420 2059; x_wconf 81' lang='lat' dir='ltr'><em>atque</em></span> <span class='ocrx_word' id='word_1_264' title='bbox 444 2019 630 2058; x_wconf 83' lang='lat' dir='ltr'><em>imprudenti</em></span> <span class='ocrx_word' id='word_1_265' title='bbox 651 2019 742 2049; x_wconf 78' lang='lat' dir='ltr'><em>telum</em></span> <span class='ocrx_word' id='word_1_266' title='bbox 766 2018 803 2048; x_wconf 81' lang='lat' dir='ltr'><em>cle</em></span> <span class='ocrx_word' id='word_1_267' title='bbox 866 2017 1183 2054; x_wconf 79' lang='lat' dir='ltr'><em>Scafnaburgensem.</em></span> 
     </span>
    </p>
   </div>
   <div class='ocr_carea' id='block_1_7' title="bbox 108 2068 805 2109">
    <p class='ocr_par' dir='ltr' id='par_1_11' title="bbox 108 2068 805 2109">
     <span class='ocr_line' id='line_1_39' title="bbox 108 2068 805 2109; baseline -0.006 -9"><span class='ocrx_word' id='word_1_268' title='bbox 108 2079 201 2101; x_wconf 84' lang='lat' dir='ltr'><em>manu</em></span> <span class='ocrx_word' id='word_1_269' title='bbox 207 2069 343 2109; x_wconf 77' lang='lat' dir='ltr'><em>fuqerz&#39;t,</em></span> <span class='ocrx_word' id='word_1_270' title='bbox 357 2078 417 2099; x_wconf 87' lang='lat' dir='ltr'><em>non</em></span> <span class='ocrx_word' id='word_1_271' title='bbox 430 2069 508 2099; x_wconf 83' lang='lat' dir='ltr'><em>mihi</em></span> <span class='ocrx_word' id='word_1_272' title='bbox 521 2068 663 2098; x_wconf 80' lang='lat' dir='ltr'><em>videntur</em></span> <span class='ocrx_word' id='word_1_273' title='bbox 670 2076 805 2106; x_wconf 86' lang='lat' dir='ltr'><em>peccare</em></span> 
     </span>
    </p>
   </div>
   <div class='ocr_carea' id='block_1_8' title="bbox 108 2225 1570 2898">
    <p class='ocr_par' dir='ltr' id='par_1_12' title="bbox 108 2225 1570 2726">
     <span class='ocr_line' id='line_1_40' title="bbox 108 2225 1568 2273; baseline -0.003 -9"><span class='ocrx_word' id='word_1_274' title='bbox 108 2229 242 2265; x_wconf 81' lang='lat' dir='ltr'><em>certain</em></span> <span class='ocrx_word' id='word_1_275' title='bbox 262 2229 337 2263; x_wconf 86' lang='lat' dir='ltr'><em>that</em></span> <span class='ocrx_word' id='word_1_276' title='bbox 352 2229 447 2262; x_wconf 82' lang='lat' dir='ltr'><em>what</em></span> <span class='ocrx_word' id='word_1_277' title='bbox 467 2228 496 2262; x_wconf 78' lang='lat' dir='ltr'><em>is</em></span> <span class='ocrx_word' id='word_1_278' title='bbox 516 2228 746 2262; x_wconf 83' lang='lat' dir='ltr'><em>commanded</em></span> <span class='ocrx_word' id='word_1_279' title='bbox 772 2227 801 2261; x_wconf 79' lang='lat' dir='ltr'><em>is</em></span> <span class='ocrx_word' id='word_1_280' title='bbox 825 2233 885 2261; x_wconf 87' lang='lat' dir='ltr'><em>not</em></span> <span class='ocrx_word' id='word_1_281' title='bbox 909 2227 1050 2272; x_wconf 71' lang='lat' dir='ltr'><em>ayainst</em></span> <span class='ocrx_word' id='word_1_282' title='bbox 1075 2227 1127 2261; x_wconf 82' lang='lat' dir='ltr'><em>the</em></span> <span class='ocrx_word' id='word_1_283' title='bbox 1145 2231 1304 2273; x_wconf 63' lang='lat' dir='ltr'><em>precepta</em></span> <span class='ocrx_word' id='word_1_284' title='bbox 1330 2227 1378 2270; x_wconf 89' lang='lat' dir='ltr'><em>of</em></span> <span class='ocrx_word' id='word_1_285' title='bbox 1406 2225 1499 2267; x_wconf 76' lang='lat' dir='ltr'><em>God,</em></span> <span class='ocrx_word' id='word_1_286' title='bbox 1526 2237 1568 2260; x_wconf 86' lang='lat' dir='ltr'><em>or</em></span> 
     </span>
     <span class='ocr_line' id='line_1_41' title="bbox 108 2282 1567 2331; baseline -0.003 -10"><span class='ocrx_word' id='word_1_287' title='bbox 108 2287 151 2331; x_wconf 69' lang='lat' dir='ltr'><em>if</em></span> <span class='ocrx_word' id='word_1_288' title='bbox 164 2287 203 2321; x_wconf 84' lang='lat' dir='ltr'><em>he</em></span> <span class='ocrx_word' id='word_1_289' title='bbox 219 2287 255 2320; x_wconf 87' lang='lat' dir='ltr'><em>be</em></span> <span class='ocrx_word' id='word_1_290' title='bbox 274 2291 334 2319; x_wconf 83' lang='lat' dir='ltr'><em>not</em></span> <span class='ocrx_word' id='word_1_291' title='bbox 351 2284 485 2319; x_wconf 84' lang='lat' dir='ltr'><em>certain</em></span> <span class='ocrx_word' id='word_1_292' title='bbox 501 2285 576 2318; x_wconf 82' lang='lat' dir='ltr'><em>that</em></span> <span class='ocrx_word' id='word_1_293' title='bbox 592 2284 619 2318; x_wconf 82' lang='lat' dir='ltr'><em>it</em></span> <span class='ocrx_word' id='word_1_294' title='bbox 640 2284 669 2318; x_wconf 79' lang='lat' dir='ltr'><em>is</em></span> <span class='ocrx_word' id='word_1_295' title='bbox 684 2295 719 2318; x_wconf 88' lang='lat' dir='ltr'><em>so</em></span> <span class='ocrx_word' id='word_1_296' title='bbox 731 2296 745 2322; x_wconf 88' lang='lat'><em>‚·</em></span> <span class='ocrx_word' id='word_1_297' title='bbox 777 2285 829 2318; x_wconf 87' lang='lat' dir='ltr'><em>the</em></span> <span class='ocrx_word' id='word_1_298' title='bbox 848 2284 1003 2329; x_wconf 74' lang='lat' dir='ltr'><em>iniquity</em></span> <span class='ocrx_word' id='word_1_299' title='bbox 1020 2285 1068 2329; x_wconf 79' lang='lat' dir='ltr'><em>of</em></span> <span class='ocrx_word' id='word_1_300' title='bbox 1080 2285 1132 2318; x_wconf 81' lang='lat' dir='ltr'><em>the</em></span> <span class='ocrx_word' id='word_1_301' title='bbox 1156 2283 1346 2318; x_wconf 77' lang='lat' dir='ltr'><em>command</em></span> <span class='ocrx_word' id='word_1_302' title='bbox 1361 2294 1445 2328; x_wconf 70' lang='lat' dir='ltr'><em>may</em></span> <span class='ocrx_word' id='word_1_303' title='bbox 1465 2282 1567 2317; x_wconf 79' lang='lat' dir='ltr'><em>make</em></span> 
     </span>
     <span class='ocr_line' id='line_1_42' title="bbox 109 2340 1564 2387; baseline -0.002 -10"><span class='ocrx_word' id='word_1_304' title='bbox 109 2344 163 2378; x_wconf 85' lang='lat' dir='ltr'><em>the</em></span> <span class='ocrx_word' id='word_1_305' title='bbox 187 2342 271 2387; x_wconf 75' lang='lat' dir='ltr'><em>kinq</em></span> <span class='ocrx_word' id='word_1_306' title='bbox 292 2341 417 2386; x_wconf 70' lang='lat' dir='ltr'><em>quilty,</em></span> <span class='ocrx_word' id='word_1_307' title='bbox 443 2342 501 2375; x_wconf 80' lang='lat' dir='ltr'><em>but</em></span> <span class='ocrx_word' id='word_1_308' title='bbox 527 2341 580 2375; x_wconf 85' lang='lat' dir='ltr'><em>the</em></span> <span class='ocrx_word' id='word_1_309' title='bbox 604 2340 680 2375; x_wconf 75' lang='lat' dir='ltr'><em>rute</em></span> <span class='ocrx_word' id='word_1_310' title='bbox 699 2342 744 2387; x_wconf 84' lang='lat' dir='ltr'><em>of</em></span> <span class='ocrx_word' id='word_1_311' title='bbox 761 2341 933 2375; x_wconf 80' lang='lat' dir='ltr'><em>obedience</em></span> <span class='ocrx_word' id='word_1_312' title='bbox 952 2352 1037 2386; x_wconf 74' lang='lat' dir='ltr'><em>may</em></span> <span class='ocrx_word' id='word_1_313' title='bbox 1052 2341 1154 2375; x_wconf 81' lang='lat' dir='ltr'><em>make</em></span> <span class='ocrx_word' id='word_1_314' title='bbox 1179 2341 1231 2374; x_wconf 84' lang='lat' dir='ltr'><em>the</em></span> <span class='ocrx_word' id='word_1_315' title='bbox 1245 2340 1373 2374; x_wconf 81' lang='lat' dir='ltr'><em>soldier</em></span> <span class='ocrx_word' id='word_1_316' title='bbox 1391 2340 1564 2374; x_wconf 84' lang='lat' dir='ltr'><em>innocent.</em></span> 
     </span>
     <span class='ocr_line' id='line_1_43' title="bbox 108 2392 1567 2443; baseline -0.003 -9"><span class='ocrx_word' id='word_1_317' title='bbox 108 2399 195 2434; x_wconf 83' lang='lat' dir='ltr'><em>And</em></span> <span class='ocrx_word' id='word_1_318' title='bbox 211 2392 419 2439; x_wconf 68' lang='lat' dir='ltr'><em>elsewhere,</em></span> <span class='ocrx_word' id='word_1_319' title='bbox 443 2397 478 2431; x_wconf 84' lang='lat' dir='ltr'><strong><em>A</em></strong></span> <span class='ocrx_word' id='word_1_320' title='bbox 498 2398 635 2439; x_wconf 77' lang='lat' dir='ltr'><em>soldier,</em></span> <span class='ocrx_word' id='word_1_321' title='bbox 651 2398 749 2432; x_wconf 83' lang='lat' dir='ltr'><em>when</em></span> <span class='ocrx_word' id='word_1_322' title='bbox 765 2398 803 2431; x_wconf 84' lang='lat' dir='ltr'><em>he</em></span> <span class='ocrx_word' id='word_1_323' title='bbox 820 2397 899 2431; x_wconf 74' lang='lat' dir='ltr'><em>kills</em></span> <span class='ocrx_word' id='word_1_324' title='bbox 916 2409 939 2431; x_wconf 89' lang='lat' dir='ltr'><em>a</em></span> <span class='ocrx_word' id='word_1_325' title='bbox 956 2409 1053 2439; x_wconf 84' lang='lat' dir='ltr'><em>man,</em></span> <span class='ocrx_word' id='word_1_326' title='bbox 1071 2399 1213 2443; x_wconf 72' lang='lat' dir='ltr'><em>obeyiny</em></span> <span class='ocrx_word' id='word_1_327' title='bbox 1235 2397 1420 2442; x_wconf 67' lang='lat' dir='ltr'><em>leyitimate</em></span> <span class='ocrx_word' id='word_1_328' title='bbox 1434 2407 1567 2442; x_wconf 85' lang='lat' dir='ltr'><em>power,</em></span> 
     </span>
     <span class='ocr_line' id='line_1_44' title="bbox 109 2453 1570 2501; baseline -0.003 -11"><span class='ocrx_word' id='word_1_329' title='bbox 109 2456 139 2490; x_wconf 82' lang='lat' dir='ltr'><em>is</em></span> <span class='ocrx_word' id='word_1_330' title='bbox 154 2461 214 2490; x_wconf 84' lang='lat' dir='ltr'><em>not</em></span> <span class='ocrx_word' id='word_1_331' title='bbox 228 2455 343 2500; x_wconf 73' lang='lat' dir='ltr'><em>yuilty</em></span> <span class='ocrx_word' id='word_1_332' title='bbox 363 2455 410 2499; x_wconf 78' lang='lat' dir='ltr'><em>of</em></span> <span class='ocrx_word' id='word_1_333' title='bbox 422 2454 598 2489; x_wconf 76' lang='lat' dir='ltr'><em>homicide.</em></span> <span class='ocrx_word' id='word_1_334' title='bbox 647 2454 694 2501; x_wconf 89' lang='lat' dir='ltr'><em>If</em></span> <span class='ocrx_word' id='word_1_335' title='bbox 711 2455 748 2488; x_wconf 91' lang='lat' dir='ltr'><em>he</em></span> <span class='ocrx_word' id='word_1_336' title='bbox 769 2455 841 2488; x_wconf 83' lang='lat' dir='ltr'><em>had</em></span> <span class='ocrx_word' id='word_1_337' title='bbox 856 2455 942 2489; x_wconf 87' lang='lat' dir='ltr'><em>done</em></span> <span class='ocrx_word' id='word_1_338' title='bbox 961 2466 998 2489; x_wconf 85' lang='lat' dir='ltr'><em>so</em></span> <span class='ocrx_word' id='word_1_339' title='bbox 1014 2455 1157 2489; x_wconf 83' lang='lat' dir='ltr'><em>without</em></span> <span class='ocrx_word' id='word_1_340' title='bbox 1178 2453 1376 2493; x_wconf 85' lang='lat' dir='ltr'><em>command,</em></span> <span class='ocrx_word' id='word_1_341' title='bbox 1396 2454 1434 2487; x_wconf 89' lang='lat' dir='ltr'><em>he</em></span> <span class='ocrx_word' id='word_1_342' title='bbox 1450 2453 1570 2487; x_wconf 79' lang='lat' dir='ltr'><em>would</em></span> 
     </span>
     <span class='ocr_line' id='line_1_45' title="bbox 109 2509 1568 2558; baseline -0.003 -11"><span class='ocrx_word' id='word_1_343' title='bbox 109 2514 147 2547; x_wconf 88' lang='lat' dir='ltr'><em>be</em></span> <span class='ocrx_word' id='word_1_344' title='bbox 167 2512 269 2546; x_wconf 83' lang='lat' dir='ltr'><em>liable</em></span> <span class='ocrx_word' id='word_1_345' title='bbox 290 2517 322 2545; x_wconf 86' lang='lat' dir='ltr'><em>to</em></span> <span class='ocrx_word' id='word_1_346' title='bbox 337 2511 586 2556; x_wconf 75' lang='lat' dir='ltr'><em>punishment;</em></span> <span class='ocrx_word' id='word_1_347' title='bbox 617 2511 656 2558; x_wconf 68' lang='lat' dir='ltr'><em>if</em></span> <span class='ocrx_word' id='word_1_348' title='bbox 669 2512 706 2545; x_wconf 86' lang='lat' dir='ltr'><em>he</em></span> <span class='ocrx_word' id='word_1_349' title='bbox 726 2511 770 2545; x_wconf 91' lang='lat' dir='ltr'><em>do</em></span> <span class='ocrx_word' id='word_1_350' title='bbox 788 2517 846 2545; x_wconf 89' lang='lat' dir='ltr'><em>not</em></span> <span class='ocrx_word' id='word_1_351' title='bbox 863 2523 899 2545; x_wconf 85' lang='lat' dir='ltr'><em>so</em></span> <span class='ocrx_word' id='word_1_352' title='bbox 918 2511 1033 2546; x_wconf 81' lang='lat' dir='ltr'><em>under</em></span> <span class='ocrx_word' id='word_1_353' title='bbox 1049 2511 1247 2552; x_wconf 83' lang='lat' dir='ltr'><em>command,</em></span> <span class='ocrx_word' id='word_1_354' title='bbox 1265 2511 1303 2544; x_wconf 85' lang='lat' dir='ltr'><em>he</em></span> <span class='ocrx_word' id='word_1_355' title='bbox 1320 2510 1349 2544; x_wconf 83' lang='lat' dir='ltr'><em>is</em></span> <span class='ocrx_word' id='word_1_356' title='bbox 1369 2510 1443 2544; x_wconf 82' lang='lat' dir='ltr'><em>also</em></span> <span class='ocrx_word' id='word_1_357' title='bbox 1465 2509 1568 2544; x_wconf 83' lang='lat' dir='ltr'><em>liable</em></span> 
     </span>
     <span class='ocr_line' id='line_1_46' title="bbox 110 2566 1567 2614; baseline -0.002 -11"><span class='ocrx_word' id='word_1_358' title='bbox 110 2575 144 2603; x_wconf 84' lang='lat' dir='ltr'><em>to</em></span> <span class='ocrx_word' id='word_1_359' title='bbox 155 2568 391 2614; x_wconf 80' lang='lat' dir='ltr'><em>punishment.</em></span> <span class='ocrx_word' id='word_1_360' title='bbox 439 2567 522 2601; x_wconf 89' lang='lat' dir='ltr'><em>And</em></span> <span class='ocrx_word' id='word_1_361' title='bbox 543 2567 660 2602; x_wconf 88' lang='lat' dir='ltr'><em>hence</em></span> <span class='ocrx_word' id='word_1_362' title='bbox 676 2567 739 2602; x_wconf 87' lang='lat' dir='ltr'><em>the</em></span> <span class='ocrx_word' id='word_1_363' title='bbox 757 2568 909 2613; x_wconf 85' lang='lat' dir='ltr'><em>opinion</em></span> <span class='ocrx_word' id='word_1_364' title='bbox 926 2568 955 2603; x_wconf 84' lang='lat' dir='ltr'><em>is</em></span> <span class='ocrx_word' id='word_1_365' title='bbox 976 2567 1208 2614; x_wconf 83' lang='lat' dir='ltr'><em>everywhere</em></span> <span class='ocrx_word' id='word_1_366' title='bbox 1224 2566 1404 2607; x_wconf 81' lang='lat' dir='ltr'><em>received,</em></span> <span class='ocrx_word' id='word_1_367' title='bbox 1428 2566 1510 2601; x_wconf 87' lang='lat' dir='ltr'><em>that</em></span> <span class='ocrx_word' id='word_1_368' title='bbox 1526 2576 1567 2601; x_wconf 83' lang='lat' dir='ltr'><em>so</em></span> 
     </span>
     <span class='ocr_line' id='line_1_47' title="bbox 108 2623 1567 2670; baseline -0.001 -10"><span class='ocrx_word' id='word_1_369' title='bbox 108 2625 168 2660; x_wconf 84' lang='lat' dir='ltr'><em>far</em></span> <span class='ocrx_word' id='word_1_370' title='bbox 191 2635 231 2659; x_wconf 83' lang='lat' dir='ltr'><em>as</em></span> <span class='ocrx_word' id='word_1_371' title='bbox 256 2624 416 2669; x_wconf 72' lang='lat' dir='ltr'><em>subjecte</em></span> <span class='ocrx_word' id='word_1_372' title='bbox 440 2635 503 2658; x_wconf 87' lang='lat' dir='ltr'><em>are</em></span> <span class='ocrx_word' id='word_1_373' title='bbox 523 2624 741 2666; x_wconf 87' lang='lat' dir='ltr'><em>concerned,</em></span> <span class='ocrx_word' id='word_1_374' title='bbox 766 2624 872 2659; x_wconf 85' lang='lat' dir='ltr'><em>there</em></span> <span class='ocrx_word' id='word_1_375' title='bbox 895 2636 979 2670; x_wconf 87' lang='lat' dir='ltr'><em>may</em></span> <span class='ocrx_word' id='word_1_376' title='bbox 999 2625 1046 2660; x_wconf 86' lang='lat' dir='ltr'><em>be</em></span> <span class='ocrx_word' id='word_1_377' title='bbox 1070 2636 1162 2659; x_wconf 84' lang='lat' dir='ltr'><em>wars</em></span> <span class='ocrx_word' id='word_1_378' title='bbox 1183 2623 1303 2659; x_wconf 85' lang='lat' dir='ltr'><em>which</em></span> <span class='ocrx_word' id='word_1_379' title='bbox 1331 2634 1395 2658; x_wconf 83' lang='lat' dir='ltr'><em>are</em></span> <span class='ocrx_word' id='word_1_380' title='bbox 1416 2623 1493 2669; x_wconf 80' lang='lat' dir='ltr'><em>just</em></span> <span class='ocrx_word' id='word_1_381' title='bbox 1518 2633 1567 2658; x_wconf 90' lang='lat' dir='ltr'><em>on</em></span> 
     </span>
     <span class='ocr_line' id='line_1_48' title="bbox 108 2680 1161 2726; baseline -0.002 -9"><span class='ocrx_word' id='word_1_382' title='bbox 108 2681 201 2717; x_wconf 86' lang='lat' dir='ltr'><em>both</em></span> <span class='ocrx_word' id='word_1_383' title='bbox 222 2681 329 2722; x_wconf 79' lang='lat' dir='ltr'><em>sides,</em></span> <span class='ocrx_word' id='word_1_384' title='bbox 348 2680 430 2715; x_wconf 80' lang='lat' dir='ltr'><em>that</em></span> <span class='ocrx_word' id='word_1_385' title='bbox 449 2681 490 2720; x_wconf 80' lang='lat' dir='ltr'><em>is,</em></span> <span class='ocrx_word' id='word_1_386' title='bbox 510 2680 590 2715; x_wconf 85' lang='lat' dir='ltr'><em>free</em></span> <span class='ocrx_word' id='word_1_387' title='bbox 606 2681 703 2715; x_wconf 87' lang='lat' dir='ltr'><em>from</em></span> <span class='ocrx_word' id='word_1_388' title='bbox 723 2681 901 2726; x_wconf 84' lang='lat' dir='ltr'><em>injustice.</em></span> <span class='ocrx_word' id='word_1_389' title='bbox 951 2682 1000 2716; x_wconf 86' lang='lat' dir='ltr'><em>So</em></span> <span class='ocrx_word' id='word_1_390' title='bbox 1021 2682 1161 2715; x_wconf 87' lang='lat' dir='ltr'><em>Lucan.</em></span> 
     </span>
    </p>

    <p class='ocr_par' dir='ltr' id='par_1_13' title="bbox 108 2735 1569 2898">
     <span class='ocr_line' id='line_1_49' title="bbox 178 2735 1569 2772; baseline -0.002 0"><span class='ocrx_word' id='word_1_391' title='bbox 178 2743 200 2772; x_wconf 85' lang='lat'>4</span> <span class='ocrx_word' id='word_1_392' title='bbox 230 2738 305 2772; x_wconf 88' lang='lat' dir='ltr'><em>But</em></span> <span class='ocrx_word' id='word_1_393' title='bbox 329 2737 402 2772; x_wconf 87' lang='lat' dir='ltr'><em>this</em></span> <span class='ocrx_word' id='word_1_394' title='bbox 426 2741 562 2771; x_wconf 85' lang='lat' dir='ltr'><em>matter</em></span> <span class='ocrx_word' id='word_1_395' title='bbox 586 2737 616 2772; x_wconf 86' lang='lat' dir='ltr'><em>is</em></span> <span class='ocrx_word' id='word_1_396' title='bbox 642 2741 707 2771; x_wconf 87' lang='lat' dir='ltr'><em>not</em></span> <span class='ocrx_word' id='word_1_397' title='bbox 733 2737 888 2771; x_wconf 86' lang='lat' dir='ltr'><em>without</em></span> <span class='ocrx_word' id='word_1_398' title='bbox 913 2737 1120 2772; x_wconf 83' lang='lat' dir='ltr'><em>difficulties</em></span> <span class='ocrx_word' id='word_1_399' title='bbox 1147 2737 1190 2771; x_wconf 86' lang='lat' dir='ltr'><em>of</em></span> <span class='ocrx_word' id='word_1_400' title='bbox 1214 2737 1260 2771; x_wconf 84' lang='lat' dir='ltr'><em>its</em></span> <span class='ocrx_word' id='word_1_401' title='bbox 1286 2747 1379 2771; x_wconf 88' lang='lat' dir='ltr'><em>own.</em></span> <span class='ocrx_word' id='word_1_402' title='bbox 1426 2735 1569 2770; x_wconf 84' lang='lat' dir='ltr'><em>Adrian</em></span> 
     </span>
     <span class='ocr_line' id='line_1_50' title="bbox 109 2791 1568 2839; baseline -0.003 -8"><span class='ocrx_word' id='word_1_403' title='bbox 109 2806 179 2831; x_wconf 85' lang='lat' dir='ltr'><em>our</em></span> <span class='ocrx_word' id='word_1_404' title='bbox 195 2798 449 2839; x_wconf 82' lang='lat' dir='ltr'><em>countryman,</em></span> <span class='ocrx_word' id='word_1_405' title='bbox 469 2793 550 2828; x_wconf 84' lang='lat' dir='ltr'><em>who</em></span> <span class='ocrx_word' id='word_1_406' title='bbox 577 2805 649 2829; x_wconf 82' lang='lat' dir='ltr'><em>was</em></span> <span class='ocrx_word' id='word_1_407' title='bbox 678 2793 743 2828; x_wconf 88' lang='lat' dir='ltr'><em>the</em></span> <span class='ocrx_word' id='word_1_408' title='bbox 768 2794 840 2828; x_wconf 83' lang='lat' dir='ltr'><em>last</em></span> <span class='ocrx_word' id='word_1_409' title='bbox 869 2793 1056 2839; x_wconf 85' lang='lat' dir='ltr'><em>Cisalpine</em></span> <span class='ocrx_word' id='word_1_410' title='bbox 1076 2794 1192 2839; x_wconf 89' lang='lat' dir='ltr'><em>Pope,</em></span> <span class='ocrx_word' id='word_1_411' title='bbox 1220 2792 1375 2827; x_wconf 83' lang='lat' dir='ltr'><em>defends</em></span> <span class='ocrx_word' id='word_1_412' title='bbox 1396 2791 1460 2827; x_wconf 81' lang='lat' dir='ltr'><em>tho</em></span> <span class='ocrx_word' id='word_1_413' title='bbox 1480 2803 1568 2827; x_wconf 86' lang='lat' dir='ltr'><em>con-</em></span> 
     </span>
     <span class='ocr_line' id='line_1_51' title="bbox 108 2849 1567 2898; baseline -0.002 -12"><span class='ocrx_word' id='word_1_414' title='bbox 108 2856 211 2898; x_wconf 78' lang='lat' dir='ltr'><em>trary</em></span> <span class='ocrx_word' id='word_1_415' title='bbox 228 2851 390 2897; x_wconf 91' lang='lat' dir='ltr'><em>opinion.</em></span> <span class='ocrx_word' id='word_1_416' title='bbox 435 2850 519 2885; x_wconf 86' lang='lat' dir='ltr'><em>And</em></span> <span class='ocrx_word' id='word_1_417' title='bbox 536 2851 566 2885; x_wconf 87' lang='lat' dir='ltr'><em>it</em></span> <span class='ocrx_word' id='word_1_418' title='bbox 585 2862 670 2896; x_wconf 82' lang='lat' dir='ltr'><em>may</em></span> <span class='ocrx_word' id='word_1_419' title='bbox 687 2850 734 2885; x_wconf 93' lang='lat' dir='ltr'><em>be</em></span> <span class='ocrx_word' id='word_1_420' title='bbox 751 2850 964 2896; x_wconf 82' lang='lat' dir='ltr'><em>supported,</em></span> <span class='ocrx_word' id='word_1_421' title='bbox 981 2854 1047 2886; x_wconf 84' lang='lat' dir='ltr'><em>not</em></span> <span class='ocrx_word' id='word_1_422' title='bbox 1059 2851 1239 2897; x_wconf 83' lang='lat' dir='ltr'><em>precisely</em></span> <span class='ocrx_word' id='word_1_423' title='bbox 1256 2861 1304 2884; x_wconf 95' lang='lat' dir='ltr'><em>on</em></span> <span class='ocrx_word' id='word_1_424' title='bbox 1321 2849 1404 2884; x_wconf 85' lang='lat' dir='ltr'><em>that</em></span> <span class='ocrx_word' id='word_1_425' title='bbox 1423 2849 1567 2895; x_wconf 88' lang='lat' dir='ltr'><em>ground</em></span> 
     </span>
    </p>
   </div>
   <div class='ocr_carea' id='block_1_9' title="bbox 109 2905 1567 2955">
    <p class='ocr_par' dir='ltr' id='par_1_14' title="bbox 109 2905 1567 2955">
     <span class='ocr_line' id='line_1_52' title="bbox 109 2905 1567 2955; baseline -0.001 -12"><span class='ocrx_word' id='word_1_426' title='bbox 109 2908 229 2944; x_wconf 86' lang='lat' dir='ltr'><em>which</em></span> <span class='ocrx_word' id='word_1_427' title='bbox 245 2908 293 2944; x_wconf 90' lang='lat' dir='ltr'><em>he</em></span> <span class='ocrx_word' id='word_1_428' title='bbox 313 2907 485 2951; x_wconf 84' lang='lat' dir='ltr'><em>adduces,</em></span> <span class='ocrx_word' id='word_1_429' title='bbox 501 2907 569 2943; x_wconf 87' lang='lat' dir='ltr'><em>but</em></span> <span class='ocrx_word' id='word_1_430' title='bbox 586 2919 635 2943; x_wconf 89' lang='lat' dir='ltr'><em>on</em></span> <span class='ocrx_word' id='word_1_431' title='bbox 654 2907 727 2943; x_wconf 86' lang='lat' dir='ltr'><em>this</em></span> <span class='ocrx_word' id='word_1_432' title='bbox 744 2907 862 2943; x_wconf 86' lang='lat' dir='ltr'><em>which</em></span> <span class='ocrx_word' id='word_1_433' title='bbox 883 2907 912 2942; x_wconf 84' lang='lat' dir='ltr'><em>is</em></span> <span class='ocrx_word' id='word_1_434' title='bbox 932 2918 1035 2944; x_wconf 90' lang='lat' dir='ltr'><em>more</em></span> <span class='ocrx_word' id='word_1_435' title='bbox 1055 2907 1298 2955; x_wconf 81' lang='lat' dir='ltr'><em>satisfactory,</em></span> <span class='ocrx_word' id='word_1_436' title='bbox 1318 2906 1402 2943; x_wconf 81' lang='lat' dir='ltr'><em>that</em></span> <span class='ocrx_word' id='word_1_437' title='bbox 1417 2906 1465 2942; x_wconf 87' lang='lat' dir='ltr'><em>he</em></span> <span class='ocrx_word' id='word_1_438' title='bbox 1484 2905 1567 2941; x_wconf 87' lang='lat' dir='ltr'><em>who</em></span> 
     </span>
    </p>
   </div>
   <div class='ocr_carea' id='block_1_10' title="bbox 1586 679 1775 734">
    <p class='ocr_par' dir='ltr' id='par_1_15' title="bbox 1586 679 1775 734">
     <span class='ocr_line' id='line_1_53' title="bbox 1586 679 1775 734; baseline 0.011 -32.023"><span class='ocrx_word' id='word_1_439' title='bbox 1586 679 1700 734; x_wconf 47' lang='lat' dir='ltr'><em>iDZGCiv.</em></span> <span class='ocrx_word' id='word_1_440' title='bbox 1714 679 1775 709; x_wconf 76' lang='lat' dir='ltr'><em>Dei,</em></span> 
     </span>
    </p>
   </div>
   <div class='ocr_carea' id='block_1_11' title="bbox 1584 1072 1790 1400">
    <p class='ocr_par' dir='ltr' id='par_1_16' title="bbox 1585 1072 1788 1159">
     <span class='ocr_line' id='line_1_54' title="bbox 1586 1072 1788 1100; baseline 0.016 -4"><span class='ocrx_word' id='word_1_441' title='bbox 1586 1072 1651 1097; x_wconf 82' lang='lat' dir='ltr'><em>Silv.</em></span> <span class='ocrx_word' id='word_1_442' title='bbox 1664 1073 1695 1098; x_wconf 79' lang='lat' dir='ltr'><em>in</em></span> <span class='ocrx_word' id='word_1_443' title='bbox 1711 1075 1788 1100; x_wconf 58' lang='lat' dir='ltr'><em>verb.</em></span> 
     </span>
     <span class='ocr_line' id='line_1_55' title="bbox 1587 1105 1763 1130; baseline 0.012 -2"><span class='ocrx_word' id='word_1_444' title='bbox 1587 1105 1654 1128; x_wconf 84' lang='lat' dir='ltr'><em>Bell.</em></span> <span class='ocrx_word' id='word_1_445' title='bbox 1666 1105 1683 1128; x_wconf 92' lang='lat' dir='ltr'><em>i.</em></span> <span class='ocrx_word' id='word_1_446' title='bbox 1697 1111 1724 1128; x_wconf 97' lang='grc'><em>11.</em></span> <span class='ocrx_word' id='word_1_447' title='bbox 1738 1106 1763 1130; x_wconf 82' lang='grc'><em>9.</em></span> 
     </span>
     <span class='ocr_line' id='line_1_56' title="bbox 1585 1136 1707 1159; baseline -0.009 0"><span class='ocrx_word' id='word_1_448' title='bbox 1585 1136 1669 1159; x_wconf 84' lang='lat' dir='ltr'><em>concl.</em></span> <span class='ocrx_word' id='word_1_449' title='bbox 1685 1136 1707 1159; x_wconf 81' lang='lat'><em>4.</em></span> 
     </span>
    </p>

    <p class='ocr_par' dir='ltr' id='par_1_17' title="bbox 1584 1165 1786 1308">
     <span class='ocr_line' id='line_1_57' title="bbox 1586 1165 1768 1189; baseline 0 -1"><span class='ocrx_word' id='word_1_450' title='bbox 1586 1166 1656 1189; x_wconf 87' lang='lat' dir='ltr'><em>Cast.</em></span> <span class='ocrx_word' id='word_1_451' title='bbox 1670 1165 1728 1189; x_wconf 78' lang='lat' dir='ltr'><em>inl.</em></span> <span class='ocrx_word' id='word_1_452' title='bbox 1743 1172 1768 1189; x_wconf 92' lang='lat' dir='ltr'><em>v.</em></span> 
     </span>
     <span class='ocr_line' id='line_1_58' title="bbox 1586 1195 1753 1219; baseline 0.006 -1"><span class='ocrx_word' id='word_1_453' title='bbox 1586 1195 1621 1218; x_wconf 91' lang='lat' dir='ltr'><em>D.</em></span> <span class='ocrx_word' id='word_1_454' title='bbox 1634 1195 1666 1219; x_wconf 81' lang='lat' dir='ltr'><em>de</em></span> <span class='ocrx_word' id='word_1_455' title='bbox 1678 1195 1699 1218; x_wconf 89' lang='lat' dir='ltr'><strong><em>J</em></strong></span> <span class='ocrx_word' id='word_1_456' title='bbox 1701 1197 1753 1219; x_wconf 72' lang='lat' dir='ltr'><em>use.</em></span> 
     </span>
     <span class='ocr_line' id='line_1_59' title="bbox 1586 1225 1769 1255; baseline -0.005 -6"><span class='ocrx_word' id='word_1_457' title='bbox 1586 1225 1660 1253; x_wconf 86' lang='lat' dir='ltr'><em>Soto,</em></span> <span class='ocrx_word' id='word_1_458' title='bbox 1674 1225 1691 1248; x_wconf 87' lang='lat'><em>1.</em></span> <span class='ocrx_word' id='word_1_459' title='bbox 1706 1233 1730 1248; x_wconf 84' lang='lat' dir='ltr'><em>v.</em></span> <span class='ocrx_word' id='word_1_460' title='bbox 1744 1233 1769 1255; x_wconf 91' lang='lat' dir='ltr'><em>q.</em></span> 
     </span>
     <span class='ocr_line' id='line_1_60' title="bbox 1586 1255 1786 1286; baseline 0.01 -9"><span class='ocrx_word' id='word_1_461' title='bbox 1586 1255 1608 1278; x_wconf 92' lang='lat'><em>1.</em></span> <span class='ocrx_word' id='word_1_462' title='bbox 1622 1258 1671 1279; x_wconf 82' lang='lat' dir='ltr'><em>art·</em></span> <span class='ocrx_word' id='word_1_463' title='bbox 1684 1256 1706 1282; x_wconf 87' lang='lat'><em>7.</em></span> <span class='ocrx_word' id='word_1_464' title='bbox 1720 1258 1748 1280; x_wconf 84' lang='lat' dir='ltr'><em>et</em></span> <span class='ocrx_word' id='word_1_465' title='bbox 1759 1263 1786 1286; x_wconf 90' lang='lat' dir='ltr'><em>q.</em></span> 
     </span>
     <span class='ocr_line' id='line_1_61' title="bbox 1584 1286 1710 1308; baseline 0 0"><span class='ocrx_word' id='word_1_466' title='bbox 1584 1286 1608 1308; x_wconf 91' lang='lat'><em>3.</em></span> <span class='ocrx_word' id='word_1_467' title='bbox 1623 1288 1672 1308; x_wconf 85' lang='lat' dir='ltr'><em>art.</em></span> <span class='ocrx_word' id='word_1_468' title='bbox 1687 1286 1710 1308; x_wconf 90' lang='lat'><em>3.</em></span> 
     </span>
    </p>

    <p class='ocr_par' dir='ltr' id='par_1_18' title="bbox 1584 1314 1790 1400">
     <span class='ocr_line' id='line_1_62' title="bbox 1585 1314 1790 1340; baseline 0.01 -2"><span class='ocrx_word' id='word_1_469' title='bbox 1585 1314 1621 1338; x_wconf 91' lang='lat' dir='ltr'><em>Vi</em></span> <span class='ocrx_word' id='word_1_470' title='bbox 1625 1318 1660 1338; x_wconf 87' lang='lat' dir='ltr'><em>et.</em></span> <span class='ocrx_word' id='word_1_471' title='bbox 1673 1317 1705 1339; x_wconf 80' lang='lat' dir='ltr'><em>de</em></span> <span class='ocrx_word' id='word_1_472' title='bbox 1717 1316 1790 1340; x_wconf 77' lang='lat' dir='ltr'><em>chrc</em></span> 
     </span>
     <span class='ocr_line' id='line_1_63' title="bbox 1585 1345 1744 1369; baseline 0.007 -1"><span class='ocrx_word' id='word_1_473' title='bbox 1585 1345 1652 1368; x_wconf 85' lang='lat' dir='ltr'><em>Bell.</em></span> <span class='ocrx_word' id='word_1_474' title='bbox 1665 1351 1692 1368; x_wconf 87' lang='lat' dir='ltr'><em>n.</em></span> <span class='ocrx_word' id='word_1_475' title='bbox 1705 1346 1744 1369; x_wconf 95' lang='grc'><em>32</em></span> 
     </span>
     <span class='ocr_line' id='line_1_64' title="bbox 1584 1375 1759 1400; baseline 0.012 -2"><span class='ocrx_word' id='word_1_476' title='bbox 1584 1375 1680 1399; x_wconf 87' lang='lat' dir='ltr'><em>Covar.</em></span> <span class='ocrx_word' id='word_1_477' title='bbox 1695 1376 1725 1399; x_wconf 84' lang='lat' dir='ltr'><em>in</em></span> <span class='ocrx_word' id='word_1_478' title='bbox 1738 1382 1759 1400; x_wconf 84' lang='lat' dir='ltr'><em>c</em></span> 
     </span>
    </p>
   </div>
   <div class='ocr_carea' id='block_1_12' title="bbox 1269 1387 1778 1437">
    <p class='ocr_par' dir='ltr' id='par_1_19' title="bbox 1269 1387 1778 1437">
     <span class='ocr_line' id='line_1_65' title="bbox 1269 1387 1778 1437; baseline 0 -8"><span class='ocrx_word' id='word_1_479' title='bbox 1269 1388 1329 1431; x_wconf 79' lang='lat' dir='ltr'><em>Et</em></span> <span class='ocrx_word' id='word_1_480' title='bbox 1357 1387 1566 1431; x_wconf 73' lang='lat' dir='ltr'><em>Adrianus</em></span> <span class='ocrx_word' id='word_1_481' title='bbox 1580 1412 1624 1435; x_wconf 80' lang='lat' dir='ltr'><em>pe</em></span> <span class='ocrx_word' id='word_1_482' title='bbox 1617 1406 1693 1430; x_wconf 77' lang='lat' dir='ltr'><em>c.cat</em></span> <span class='ocrx_word' id='word_1_483' title='bbox 1701 1407 1778 1437; x_wconf 63' lang='lat' dir='ltr'><em>pti-t.</em></span> 
     </span>
    </p>
   </div>
   <div class='ocr_carea' id='block_1_13' title="bbox 1583 1436 1764 1526">
    <p class='ocr_par' dir='ltr' id='par_1_20' title="bbox 1583 1436 1764 1526">
     <span class='ocr_line' id='line_1_66' title="bbox 1583 1436 1764 1496; baseline 0.012 -7"><span class='ocrx_word' id='word_1_484' title='bbox 1583 1436 1648 1489; x_wconf 59' lang='lat' dir='ltr'><em>Adia</em></span> <span class='ocrx_word' id='word_1_485' title='bbox 1651 1437 1743 1496; x_wconf 46' lang='grc' dir='ltr'><em>Ἕκας</em></span> <span class='ocrx_word' id='word_1_486' title='bbox 1736 1467 1764 1491; x_wconf 86' lang='lat' dir='ltr'><em>t.</em></span> 
     </span>
     <span class='ocr_line' id='line_1_67' title="bbox 1583 1497 1672 1526; baseline 0 -5"><span class='ocrx_word' id='word_1_487' title='bbox 1583 1497 1672 1526; x_wconf 74' lang='lat' dir='ltr'><em>quedl.</em></span> 
     </span>
    </p>
   </div>
  </div>
 </body>
</html>
