2018 3204
166 176 256 210 CAP.
277 171 440 221 XXVI.]
492 176 560 210 DE
593 174 771 211 OAUSIS
801 174 974 211 JUSTIS
1004 175 1074 211 UT
1103 175 1324 215 BELLUM,
1355 175 1462 210 ETC.
1543 169 1625 212 4:47

165 287 213 327 in
239 294 420 328 senatu.-
451 287 491 328 si
521 286 774 341 capitolium
804 300 869 327 me
894 285 1114 327 incendere
1135 284 1302 339 jubeas,
1335 297 1478 326 arcem
1506 297 1625 325 oecu-

159 366 283 406 pare,
311 353 407 394 lieet
428 353 568 394 dicere
585 367 598 392 .·
632 352 742 392 Haec
765 359 864 393 sunt
886 365 978 403 quce
993 352 1093 404 fieri
1116 365 1199 392 non
1222 357 1394 405 oportet.
1443 349 1624 391 Seneca:
1644 362 1684 414 {ivs
1700 361 1790 390 Benef-
1805 361 1840 383 iii·

164 431 248 458 non
271 425 349 458 aut
371 432 446 459 nos
469 419 613 459 omnia
627 417 775 470 jubere
798 431 1037 471 possumus,
1063 425 1141 458 aut
1169 417 1215 457 in
1245 416 1391 457 omnia
1413 415 1526 457 servi
1544 428 1626 467 pa-

166 496 258 524 rere
281 491 502 537 coquntur.
567 483 728 525 Contra
751 483 1058 535 rempublicam
1088 483 1304 534 imperata
1328 495 1411 522 non
1421 481 1596 535 facient
1612 496 1626 521 :

166 548 278 589 nulli
317 549 466 590 sceleri
507 562 662 589 manus
705 548 1039 588 commodabunt.
1118 548 1331 601 Sopaterz·
1367 541 1461 594 ἔδει,
1497 544 1625 605 φησὶ,

167 613 391 664 πεισθῆναι
416 614 480 670 τῷ
504 612 657 671 πατρῖ.
702 612 737 654 εἶ
760 608 834 663 μὲν
857 609 968 654 κατὰ
991 608 1149 663 νόμους,
1175 613 1323 657 καλῶς.
1371 611 1407 653 εἱ
1433 605 1477 653 δὲ
1501 608 1625 670 παρά

167 676 223 721 τὸ
255 675 440 737 πρέπον,
475 676 549 721 οὐκ
578 673 781 734 εὔλογον·
805 678 947 732 patri,
982 676 1126 733 inquit,
1157 678 1405 732 parendum
1437 684 1508 718 est.
1576 677 1628 717 Si

167 745 336 797 quidem
360 745 480 786 intra
495 744 617 798 jura,
643 751 779 785 reete:
811 744 881 785 sin
909 744 1029 785 ultra
1058 745 1285 791 honestum,
1318 757 1401 784 non
1424 743 1625 784 convenit.

167 804 337 851 iIrrisus
360 809 453 851 olim
476 809 711 858 Stratocles,
734 808 804 864 qui
826 808 960 866 legem
983 808 1164 850 Athenis
1187 813 1422 865 rogaverat,
1448 812 1495 849 ut
1518 807 1627 862 quic-

167 875 265 930 quid
289 875 499 917 Demetrio
521 874 610 932 regi
628 874 844 931 placuisset
865 874 907 916 id
924 875 966 915 in
984 876 1096 916 Deos
1120 874 1229 930 pium
1251 879 1293 915 et
1317 873 1425 915 inter
1443 873 1627 915 homines

161 940 318 996 justum
343 946 461 983 esset.
516 941 671 982 Plinius
691 940 838 982 alicubi
862 940 1116 983 elaboratum
1139 955 1165 982 a
1188 954 1231 982 se
1254 939 1326 989 ait,
1352 945 1398 981 ut
1421 944 1627 981 constaret

167 1002 462 1048 kministerium
487 1007 640 1048 crimen
664 1021 763 1048 esse.

268 1074 295 1114 3
338 1073 433 1128 Ipsa
450 1072 547 1128 jura
579 1071 725 1121 civilia,
758 1086 850 1127 quae
880 1071 1056 1128 peccatis
1085 1071 1381 1114 excusabilibus
1413 1070 1532 1113 facile
1559 1084 1627 1112 ve-

167 1137 276 1180 niam
310 1139 510 1194 praebent,
539 1138 681 1180 favent
712 1138 874 1192 quidem
905 1138 967 1179 his
991 1138 1061 1193 qui
1091 1152 1239 1193 parere
1266 1151 1430 1179 necesse
1460 1137 1627 1185 habent,

167 1204 240 1245 sed
271 1203 417 1245 nonin
442 1203 637 1245 omnibus.
691 1203 912 1258 Excipiunt
935 1203 1041 1244 enim
1073 1218 1121 1244 ea
1151 1218 1243 1259 quae
1275 1203 1534 1245 atrocitatem
1557 1202 1628 1243 ha-
1675 1230 1680 1235 -

167 1269 266 1311 bent
289 1264 478 1311 facinoris
508 1268 573 1311 vel
593 1268 767 1318 sceleris,
794 1283 886 1324 quae
907 1283 980 1310 sua
1004 1274 1147 1325 sponte
1171 1268 1370 1311 scelerata
1393 1283 1440 1310 ac
1472 1267 1629 1309 nefaria
1679 1261 1684 1266 ’

167 1340 276 1385 sunt,
306 1340 352 1377 ut
379 1334 559 1390 loquitur
589 1334 758 1382 Tullius,
788 1334 987 1376 maleficia
1016 1349 1108 1390 quae
1137 1340 1282 1390 sponte
1311 1339 1353 1376 et
1381 1348 1463 1375 non
1492 1333 1628 1388 dispu-

168 1400 325 1443 tatione
349 1399 730 1456 jurisconsultorum
762 1400 834 1441 sed
855 1400 1034 1442 naturali
1062 1399 1405 1457 interpretatione
1433 1398 1630 1457 fugienda

169 1471 278 1515 sunt,
303 1471 349 1507 ut
372 1465 570 1507 Asconius
593 1465 902 1521 interpretatur.

270 1533 298 1572 4
338 1532 378 1572 N
382 1537 567 1573 arratum
612 1531 808 1572 Hecataeo
845 1531 1051 1587 Josephus
1095 1536 1308 1581 memorat,
1347 1532 1375 1574 J
1378 1531 1516 1574 udaeos
1561 1528 1630 1587 qui

171 1597 415 1640 Alexandro
439 1596 656 1639 Macedoni
684 1596 928 1647 militabant,
958 1612 1091 1654 neque
1120 1598 1360 1640 verberibus
1382 1612 1516 1654 neque
1539 1611 1631 1639 con-

1648 815 1718 838 mut,
1734 823 1763 839 7711

1647 846 1763 869 Demetr.
1777 851 1822 875 pp.

1645 877 1700 905 881),
1712 878 1766 900 900.

1647 948 1706 972 Lib.
1720 948 1758 971 iii.

1647 979 1736 1008 Epist.
1745 980 1768 1003 9.

1649 1341 1684 1364 In
1700 1341 1776 1365 I'err.
1790 1339 1807 1363 i.

1648 1372 1687 1395 42.

1650 1487 1682 1510 In
1695 1486 1768 1510 hum·
1779 1487 1826 1510 loc.

1651 1543 1706 1568 Lib.
1722 1544 1738 1566 i.
1752 1544 1838 1567 contr.

1651 1575 1748 1604 Apion.
1762 1581 1784 1598 c.
1798 1573 1836 1595 22.

1651 1613 1676 1636 p.
1687 1605 1741 1628 456.

171 1720 275 1749 omnia
286 1721 470 1758 praestanda
484 1721 576 1750 etiam
585 1721 780 1759 parentibus.
821 1720 868 1750 A-

172 1771 290 1809 lioquin
316 1771 398 1800 nihil
422 1775 465 1801 est
495 1772 703 1810 perniciosius
735 1771 869 1808 acceptis

171 1820 343 1858 beneficiis.-
363 1821 392 1849 si
408 1821 439 1850 in
453 1831 567 1850 omnem
581 1831 635 1849 nos
650 1821 789 1859 obliyant
803 1830 868 1850 ser-

170 1870 303 1899 vitutem.
345 1870 537 1910 (Declamat.
553 1871 640 1907 333.)

231 1920 238 1941 ¹
259 1921 380 1950 Irrisus
399 1921 472 1950 olim
493 1919 676 1958 Stratocles]
700 1920 785 1949 Talis
800 1922 869 1948 erat

172 1971 351 2009 syngrapha
365 1971 419 1999 illa
430 1980 523 2009 quam
538 1980 556 1999 a
568 1970 686 1999 Basilio
699 1969 869 1998 Camatero

172 2021 373 2049 Andronicus
385 2019 566 2049 Comnenus
577 2023 744 2057 exegerat:
760 2019 869 2048 ἐκεῖνα

172 2070 205 2099 ἑν
241 2071 293 2108 ’τῷ
325 2070 575 2109 α’ρχιερατεύειν
602 2067 869 2106 διαπράττεσθαι

172 2118 235 2148 ὅσα
268 2118 398 2157 <pam-ra*
435 2119 629 2156 Ἀνδρονίκῳ,
662 2118 721 2156 κᾷν
756 2117 870 2152 εἴησαν

172 2168 392 2205 παιάθέμιτα,
423 2167 556 2197 κάκεῖνα
585 2166 690 2196 πάλιν
717 2166 870 2195 ἀποστυ-

173 2220 258 2255 γεῖν,
294 2217 405 2247 ὁπόσα
433 2218 494 2255 οὐχ
521 2216 626 2251 ἡδύνει
662 2215 869 2252 Ἀνδρόνικον·

174 2267 233 2296 illa
247 2267 279 2295 in
288 2267 451 2305 pontificio
465 2276 496 2295 se
506 2266 675 2304 facturum
692 2275 761 2303 quse
775 2268 871 2303 qrata

175 2316 357 2346 Andronico
366 2319 471 2352 essent,
478 2315 619 2354 quamvis
622 2314 719 2352 plane
728 2314 868 2353 nefaria:

936 1723 1045 1750 contra
1060 1721 1269 1759 dzffuqiturum
1285 1730 1316 1750 se
1330 1731 1367 1750 ea
1377 1730 1447 1760 quoe
1456 1720 1635 1750 Andronico

936 1779 995 1799 non
1004 1771 1177 1808 placerent.
1209 1770 1363 1810 [Nieetas,
1379 1771 1472 1800 Alex.
1488 1780 1556 1809 cap.
1570 1769 1634 1808 15.]

996 1819 1010 1840 k
1031 1819 1244 1849 Illinisterium
1267 1821 1381 1850 crimen
1403 1819 1479 1858 esse]
1505 1820 1634 1849 Tertul-

935 1870 1038 1898 lianus
1053 1869 1090 1897 de
1103 1869 1240 1898 Anima:
1258 1870 1336 1907 plus
1357 1869 1488 1898 caeditur
1509 1869 1563 1907 qui
1578 1869 1635 1905 ju-

936 1920 992 1955 bet,
1013 1919 1138 1957 quando
1159 1929 1212 1948 nec
1230 1920 1284 1958 qui
1307 1919 1485 1957 obsequitur
1505 1928 1634 1948 excusa-

935 1971 996 1996 tur.
1041 1967 1138 2006 (Cap.
1162 1968 1232 2004 40.)
1275 1971 1307 1997 et
1335 1968 1372 1997 de
1400 1968 1637 1997 Resurrectione

939 2017 1076 2046 Carnis:
1105 2027 1173 2046 cum
1193 2018 1330 2047 humana
1351 2027 1481 2047 censura
1509 2028 1542 2047 eo
1564 2027 1637 2056 per.

927 2067 1048 2105 fectior
1075 2068 1237 2105 habeatur,
1266 2078 1325 2106 quo
1359 2069 1452 2096 etiam
1479 2068 1637 2097 ministros

927 2117 1015 2154 facti
1030 2116 1176 2155 cujusque
1194 2117 1341 2155 deposcit,
1358 2127 1411 2146 nec
1428 2127 1563 2154 parcens
1582 2121 1637 2146 aut

937 2166 1076 2195 inridens
1092 2167 1166 2201 illis,
1185 2176 1245 2204 quo
1260 2167 1359 2195 minus
1375 2176 1442 2196 cum
1456 2167 1637 2195 auctoribus

937 2219 1101 2253 autpoenoe
1118 2219 1173 2245 aut
1186 2217 1297 2254 qratiae
1316 2217 1531 2245 communicen!
1539 2217 1635 2254 fruc-

937 2269 1009 2295 tum.
1062 2266 1160 2304 (Cap.
1192 2266 1257 2304 15.)
1307 2267 1389 2296 Vide
1426 2267 1565 2296 Gailinm
1601 2267 1638 2296 (le

938 2315 1026 2344 Pace
1040 2315 1188 2351 Publica,
1211 2315 1281 2344 Lib.
1297 2324 1319 2343 1.
1337 2315 1459 2353 ημῖν.
1475 2324 1504 2344 n.
1519 2317 1568 2345 14.

176 2475 335 2521 thought
369 2475 465 2521 good
491 2475 540 2521 by
568 2476 792 2518 Demetrius,
824 2476 954 2511 should
986 2476 1033 2511 be
1067 2476 1253 2511 reekoned
1283 2474 1382 2520 right
1411 2474 1483 2508 and
1517 2475 1634 2520 pious.

176 2533 286 2578 Pliny
303 2531 526 2567 somewhere
543 2544 624 2579 says
646 2533 727 2568 that
742 2533 789 2568 lie
804 2533 878 2568 had
894 2533 1072 2568 laboured
1091 2537 1129 2567 to
1147 2544 1260 2579 prove
1281 2532 1364 2566 that
1384 2536 1422 2566 to
1443 2532 1489 2566 be
1512 2532 1638 2566 minis-

176 2590 283 2624 terial
301 2590 338 2623 in
356 2601 378 2622 a
395 2589 507 2623 crime
524 2601 595 2623 was
612 2601 633 2624 a
651 2590 775 2624 crime.

250 2650 270 2681 3
301 2647 404 2680 Even
422 2645 484 2680 the
499 2646 589 2679 Civil
606 2646 704 2687 Law,
720 2646 837 2681 which
854 2648 883 2681 is
895 2647 1003 2682 facile
1025 2647 1061 2680 in
1083 2647 1207 2692 giving
1227 2646 1368 2692 pardon
1391 2649 1430 2680 to
1446 2644 1639 2680 excusable

179 2702 345 2743 offensos,
362 2703 390 2736 is
408 2702 621 2736 favourable
638 2707 677 2736 to
695 2703 800 2737 those
818 2703 898 2737 who
916 2715 978 2737 are
1000 2704 1118 2738 under
1134 2703 1198 2737 the
1216 2703 1397 2748 necessity
1415 2702 1457 2736 of
1471 2702 1640 2747 obeyffig,

178 2760 245 2795 but
272 2763 337 2793 not
365 2763 403 2793 to
425 2759 484 2793 all.

537 2759 572 2793 It
593 2764 741 2804 excepta
763 2770 861 2793 cases
889 2760 931 2793 of
951 2764 1055 2805 great
1083 2760 1251 2805 atrocity,
1279 2760 1409 2793 crimes
1438 2758 1555 2793 which
1577 2768 1640 2793 aro

179 2816 363 2861 naturally
381 2815 626 2857 abominable,
644 2820 709 2850 not
726 2816 954 2851 condemned
976 2816 1025 2862 by
1051 2816 1114 2851 the
1133 2817 1283 2862 opinion
1309 2816 1351 2850 of
1375 2815 1525 2862 lawyers
1542 2816 1641 2861 only,

179 2874 247 2908 but
263 2873 312 2917 by
332 2872 479 2907 natural
500 2872 648 2918 feeling.

249 2934 269 2963 4
286 2930 309 2964 J
313 2929 469 2975 osephus
491 2929 624 2964 relates
638 2928 716 2964 that
736 2929 799 2965 the
816 2930 923 2971 Jews,
937 2929 1056 2965 under
1068 2929 1277 2965 Alexander
1294 2929 1357 2965 the
1376 2930 1504 2972 Great,
1519 2929 1641 2964 would
