2018 3204
124 177 214 212 CAP.
233 176 398 220 XXVI]
445 177 513 212 DE
545 176 722 212 CAUSIS
752 175 923 211 JUSTIS
954 176 1023 211 UT
1053 175 1272 216 BELLUM,
1302 175 1410 209 ETC.
1494 171 1575 211 449

124 290 198 334 est,
223 284 415 340 quamdiu
439 299 527 326 eam
552 283 779 340 opinionem
803 299 884 326 non
903 289 1038 340 potest.
1061 284 1289 341 deponere:
1313 289 1360 326 ut
1382 298 1434 326 ex
1454 299 1578 340 supra

124 350 311 392 tractatis
331 355 519 405 apparet.

224 416 299 458 IV.
359 417 383 456 1
434 414 554 465 Quod
577 415 610 456 si
631 415 802 464 dubitet,
827 429 893 456 res
913 416 1022 457 licita
1046 416 1098 457 sit
1126 430 1266 465 necne,
1292 416 1423 458 eritne
1445 415 1578 471 quies-

125 481 296 522 cendum
337 495 390 521 an
430 481 690 535 parendum?
778 481 1011 522 Parendum
1049 481 1234 536 plerique
1274 487 1464 523 censent:
1505 495 1580 522 nec

125 547 289 588 obstare
312 546 410 587 illud
434 546 656 594 laudatum,
685 546 804 595 Quod
829 545 989 586 dubites
1012 560 1063 586 ne
1085 546 1255 588 feceris:
1277 546 1373 600 quia
1396 546 1465 600 qui
1487 560 1580 587 con-

124 611 360 667 templative
383 611 543 652 dubitat
566 617 701 665 potest
728 610 861 651 activo
881 610 1031 665 judicio
1063 625 1146 651 non
1170 611 1384 652 dubitare:
1413 611 1581 651 credere

125 676 232 717 enim
255 681 387 731 potest
411 675 453 716 in
476 689 522 716 re
541 675 664 717 dubia
687 675 990 730 obsequendum
1015 675 1226 731 superiori.
1283 677 1340 717 Et
1362 690 1458 716 sane
1483 675 1581 730 quin

125 741 213 782 haec
235 740 438 783 distinctio
454 739 597 797 judicii
621 740 792 796 duplicis
809 741 851 781 in
869 740 1005 782 multis
1022 741 1248 783 actionibus
1262 741 1392 782 locum
1415 741 1579 789 habeat,

126 806 269 864 negari
293 821 374 848 non
398 813 542 863 potest.
600 807 628 848 J
632 821 706 847 ura
729 805 875 855 civilia,
903 821 985 847 non
1009 807 1286 848 Romanorum
1312 812 1483 854 tantum,
1509 806 1581 847 sed

127 879 170 914 et
193 873 363 913 aliarum
395 872 589 928 gentium,
619 872 661 912 in
690 871 763 913 tali
792 871 1093 913 circumstantia
1124 886 1205 913 non
1228 873 1347 913 modo
1371 871 1582 927 mimpuni-

128 943 255 979 tatem
278 938 502 980 concedunt
527 937 824 987 obedientibus,
854 938 926 978 sed
953 943 995 978 et
1022 937 1222 978 actionem
1253 938 1295 978 in
1327 952 1395 979 eos
1423 937 1582 978 civilem

128 1003 345 1060 denegant.
403 1004 444 1044 Is
473 1003 664 1045 damnum
695 1003 778 1052 dat,
811 1003 938 1052 aiunt,
970 1002 1039 1057 qui
1061 1002 1181 1058 jubet
1211 1003 1329 1045 dare:
1363 1003 1450 1058 ejus
1481 1017 1582 1044 vero
1603 1008 1634 1032 L·
1657 1008 1770 1032 swam·

1602 1045 1677 1065 num,
1693 1039 1744 1062 169.

128 1069 240 1110 nulla
270 1069 387 1124 culpa.
410 1074 486 1117 est,
518 1069 580 1110 cui
602 1083 749 1124 parere
778 1083 941 1110 necesse
971 1074 1044 1110 est.
1108 1068 1340 1110 Necessitas
1370 1068 1583 1124 potestatis
1603 1069 1799 1123 Ὲῖῐζζξξζῆωῆξζζ·

128 1140 307 1183 excusat,
331 1140 373 1176 et
393 1134 550 1176 similia.
1602 1129 1642 1155 37-
1676 1130 1710 1152 D·
1723 1129 1759 1152 αα
1769 1129 1786 1151 1-

1603 1159 1694 1188 Aquil.
1708 1159 1724 1182 l.
1739 1165 1795 1181 non

229 1201 256 1241 2
304 1201 398 1257 Ipse
421 1199 662 1241 Aristoteles
686 1202 1068 1243 Nieomachiorum
1093 1200 1251 1256 quinto,
1276 1199 1340 1242 his
1363 1198 1434 1255 qui
1462 1198 1587 1254 injus·
1604 1190 1791 1249 ffbssffifflstdiss

1604 1250 1758 1314 ‘sszssiiffl‘s

129 1328 253 1358 πολλοὶ
268 1329 350 1366 γοῦν
366 1325 537 1366 ἀρχόντων
553 1328 606 1357 ἐπὶ
624 1328 737 1365 φόνοις
753 1328 823 1357 α’ὃί-
887 1328 969 1357 nihil
989 1328 1162 1366 deliquisse,
1184 1327 1239 1365 qui
1256 1326 1377 1355 domino
1391 1324 1513 1361 jubenti
1533 1325 1586 1353 ob·
1604 1316 1659 1369 {⁷2²2
1674 1310 1765 1369 Ἦρἔρί·

130 1389 198 1407 κοις
231 1377 524 1416 κατηγορηθέντες,
564 1378 654 1412 δίκην
693 1378 825 1406 ἔδοσαν·
889 1378 1078 1415 temperavit.
1120 1377 1192 1405 Lib.
1217 1378 1245 1405 2.
1274 1376 1316 1404 D.
1345 1375 1383 1403 de
1406 1375 1492 1403 Noae.
1517 1375 1585 1403 Act.
1605 1370 1790 1424 {legnfffflff'gss-

129 1428 207 1456 Ιτοὺς
222 1428 253 1456 δὲ
270 1428 400 1464 δημίους
413 1428 489 1456 τοὺς
504 1427 764 1463 διακονουμένους
775 1428 825 1465 τῷ
895 1427 976 1456 Velle
990 1437 1047 1455 non
1059 1428 1196 1456 creditur
1206 1427 1260 1464 qui
1271 1426 1447 1463 obsequitur
1458 1425 1587 1462 imperio
1605 1431 1637 1453 (le
1649 1430 1764 1453 termino

132 1476 223 1514 φόνῳ
249 1477 301 1505 καὶ
327 1476 524 1514 αὐτόχειρας
548 1476 739 1513 γενομένους
765 1478 826 1510 τῆς
884 1477 994 1514 patris
1009 1477 1056 1504 vel
1070 1476 1196 1504 domini.
1238 1476 1275 1504 L.
1291 1477 1318 1503 4.
1335 1475 1375 1503 D.
1401 1474 1438 1503 de
1457 1474 1588 1512 Requlis
1605 1461 1809 1519 ffffigbffllfflff

132 1527 279 1563 σφαγῆς,
301 1525 366 1554 οὐδ’
389 1526 433 1554 εἷς
456 1525 667 1562 δικαστήριον
690 1525 826 1554 ἑλκύσαι
882 1525 980 1561 juris,
1002 1528 1034 1553 ct
1055 1525 1098 1553 ibi
1116 1525 1276 1563 CujaciuS.
1318 1525 1454 1553 Seneca:
1478 1523 1516 1551 In
1534 1533 1586 1552 vo·
1606 1515 1735 1574 {ibn-fl.-
1749 1522 1781 1574 12³c

131 1585 194 1609 τις,
214 1572 292 1602 ἀλλ’
307 1573 377 1601 οὐδὲ
391 1572 532 1610 ζητήσαι
551 1571 612 1607 τήν
632 1572 748 1611 α’ρχήν,
768 1575 828 1608 τῆς
892 1575 970 1603 lente
991 1575 1155 1603 necessitas
1177 1584 1236 1603 non
1261 1578 1313 1603 est.
1368 1573 1493 1611 (Epist.
1517 1573 1586 1608 61.)
1609 1558 1666 1605 Idci
1680 1557 1789 1609 &tisis

132 1623 275 1661 ἀνάγκης
300 1623 380 1661 ὑπὲρ
411 1624 517 1651 αὐτῶν
543 1622 826 1660 ἀπολογουμένης,
892 1624 986 1652 Adde
1007 1623 1110 1661 legem
1127 1623 1398 1661 Longobardicam
1420 1623 1488 1651 Lib.
1501 1631 1523 1651 1.
1540 1623 1589 1650 tit.
1608 1611 1778 1665 ἓίἓζῖῌῆ·

132 1674 186 1701 καὶ
207 1673 266 1701 τοῦ
287 1674 346 1707 τῆς
363 1672 468 1711 ἀρχῆς
487 1672 675 1710 ἀξιώματος
695 1672 749 1701 καὶ
768 1673 827 1701 τοῦ
892 1674 931 1702 iv.
947 1683 1014 1712 cap.
1027 1675 1074 1701 11.
1112 1673 1314 1701 Mithridates
1328 1672 1459 1700 libertos
1476 1671 1590 1707 Attilii,
1609 1671 1724 1703 Cap-12·

132 1723 192 1757 τῆς
215 1722 386 1760 ὑποταγῆς
409 1723 528 1760 φόβου·
555 1722 644 1751 multi
663 1731 740 1759 Sffpe
761 1732 828 1750 ma·
894 1723 1034 1751 conscios
1049 1723 1142 1751 caedis
1156 1722 1189 1750 in
1204 1731 1237 1750 se
1249 1722 1408 1760 cogitatae,
1420 1721 1593 1759 impunitos

133 1772 319 1810 qistratuum
345 1772 382 1799 ob
409 1771 541 1808 injustas
568 1771 662 1800 cades
689 1771 829 1800 accusati
894 1773 1021 1809 dimisit,
1042 1775 1074 1801 et
1089 1772 1156 1809 ejus
1172 1772 1226 1810 qui
1240 1781 1259 1800 a
1275 1780 1308 1800 se
1329 1771 1487 1800 defecerat
1501 1770 1592 1799 filios.

128 1831 240 1860 pernas
255 1821 410 1850 dederunt.
447 1821 491 1850 At
506 1821 671 1859 carnifices
684 1822 738 1859 qui
753 1821 831 1850 coedz'
897 1821 1093 1861 [Immofilii
1108 1821 1235 1849 amicos.
1275 1820 1354 1857 Pag.
1370 1821 1441 1849 241.
1467 1819 1532 1848 Ed.
1547 1818 1594 1847 H.

134 1871 345 1906 ministerium,
364 1872 419 1910 qui
437 1881 581 1899 manuum
597 1881 723 1909 operam
741 1880 828 1908 proe-
896 1871 1001 1909 steph.
1016 1874 1048 1899 et
1062 1880 1136 1908 pag.
1148 1869 1232 1908 233.]
1275 1870 1444 1907 Appianus
1465 1869 1593 1897 Mithri-

135 1921 234 1956 buere,
255 1930 338 1949 nemo
354 1921 385 1949 in
399 1920 456 1957 jus
473 1921 638 1956 vocaverit,
660 1921 720 1948 imo
735 1920 772 1948 de
790 1920 830 1948 iis
895 1921 1007 1949 datico.
1045 1920 1222 1948 Absolutus
1237 1919 1383 1947 Tiberius
1400 1918 1561 1947 Gracchus
1575 1926 1594 1945 a

135 1979 171 1999 ne
193 1970 350 2008 quaesierit
369 1970 509 2008 quidem.-
533 1973 658 1998 excusat
681 1970 759 1997 enim
781 1979 831 1998 eos
895 1969 990 2007 culpa.
1005 1968 1192 1997 Numantini
1213 1968 1350 2003 foederis,
1368 1967 1516 2005 quoniam
1535 1966 1594 1994 ali-

134 2020 298 2049 necessitas
312 2029 349 2048 ea:
364 2020 514 2057 diqnitate
526 2019 665 2055 jubentis
678 2023 705 2048 et
719 2029 756 2048 ex
768 2028 830 2056 pa·
896 2028 955 2048 eno
990 2018 1122 2056 imperio
1155 2019 1350 2055 peceaverat.
1411 2016 1591 2053 (Plutarch.

136 2070 232 2098 remis
246 2069 364 2098 timore.
405 2069 510 2105 (Toni.
522 2077 570 2097 vi.
587 2078 659 2106 pag.
669 2070 738 2097 870.
766 2067 831 2097 Ed.
896 2077 970 2106 pag.
985 2067 1052 2103 826,
1067 2066 1152 2104 827.)

138 2119 251 2157 Savil.)
276 2120 324 2148 Ex
341 2119 434 2149 Celso
450 2119 613 2157 Ulpianus,
627 2128 757 2154 servum,
778 2118 832 2153 ait,

138 2283 246 2318 think
273 2283 355 2317 that
372 2283 421 2317 he
441 2282 557 2327 ought
584 2286 623 2316 to
649 2283 754 2326 obey.
802 2280 886 2315 And
914 2281 1002 2326 they
1021 2280 1109 2314 hold
1127 2279 1210 2314 that
1230 2279 1294 2313 the
1315 2279 1394 2313 rule
1418 2278 1506 2313 does
1528 2281 1595 2312 not

139 2341 261 2385 apply,
278 2340 327 2384 If
341 2351 413 2385 you
428 2340 532 2373 doubt
548 2340 591 2373 do
608 2345 667 2372 not
685 2340 728 2372 do
746 2339 783 2372 it.
822 2339 985 2372 Because
1006 2337 1053 2371 116
1071 2337 1151 2371 who
1170 2336 1303 2370 doubts
1320 2334 1596 2380 speculatively,

139 2408 224 2441 may
246 2401 310 2430 not
331 2396 377 2430 be
404 2396 441 2429 in
459 2396 576 2429 doubt
593 2396 629 2429 in
647 2395 702 2429 his
719 2394 893 2440 practical
916 2395 1122 2439 judgmcnt.
1174 2393 1233 2426 He
1256 2403 1340 2436 may
1357 2391 1497 2425 believe
1515 2390 1597 2424 that

140 2453 177 2486 in
192 2464 214 2486 a
227 2452 398 2486 doubtful
411 2457 546 2486 matter
559 2452 605 2486 116
622 2451 736 2497 ought
750 2456 787 2485 to
805 2451 898 2496 obcy
918 2451 974 2484 his
991 2451 1168 2495 superior.
1207 2449 1289 2483 And
1308 2448 1498 2492 certainly,
1515 2447 1597 2480 that

141 2510 214 2543 this
236 2509 448 2543 distinction
467 2509 509 2543 of
525 2520 547 2542 a
576 2509 724 2543 twofold
749 2508 956 2553 judgrncnt,
974 2518 995 2540 a
1017 2506 1242 2552 speculativo
1269 2505 1341 2539 and
1367 2516 1389 2538 a
1409 2503 1598 2549 practical,

141 2565 247 2599 holds
265 2566 301 2598 in
324 2577 433 2610 many
449 2566 600 2606 actions,
617 2570 751 2599 cannot
767 2565 814 2599 bc
832 2564 976 2598 denicd.
1029 2564 1121 2597 Civil
1139 2564 1254 2602 Laws,
1271 2567 1337 2595 not
1354 2561 1460 2595 those
1477 2560 1519 2593 of
1533 2559 1597 2593 the

142 2623 305 2656 Romans
335 2622 433 2666 only,
458 2622 525 2656 but
550 2622 592 2655 of
617 2621 724 2655 other
748 2622 892 2655 nations
918 2621 1006 2661 also,
1034 2621 1071 2653 in
1094 2619 1182 2654 such
1211 2620 1505 2656 circumstances,
1531 2619 1598 2649 not

143 2679 229 2723 only
246 2683 354 2723 grant
379 2679 560 2724 impunity
587 2682 625 2712 to
654 2678 758 2712 those
783 2678 863 2711 who
885 2677 989 2722 obcy,
1010 2677 1078 2711 but
1098 2677 1174 2710 also
1193 2676 1314 2709 refuso
1331 2686 1353 2708 a
1370 2674 1452 2708 civil
1474 2673 1598 2706 action

143 2735 286 2779 against
307 2734 420 2767 them.
473 2735 576 2780 They
601 2746 675 2779 say,
700 2734 747 2768 116
778 2734 864 2767 docs
890 2733 954 2767 thc
981 2733 1135 2777 damage
1161 2732 1240 2766 who
1270 2731 1396 2765 orders
1428 2730 1457 2763 it
1483 2736 1521 2763 to
1550 2728 1598 2762 bo

144 2792 263 2831 done;
288 2790 334 2824 hc
356 2791 385 2824 is
403 2792 439 2824 in
460 2802 508 2824 no
529 2791 623 2825 fault
640 2791 719 2823 who
738 2791 766 2823 is
788 2790 934 2834 obliged
952 2794 990 2824 to
1012 2789 1127 2835 obcy3
1152 2788 1215 2823 the
1233 2788 1413 2833 necessity
1431 2784 1598 2831 imposed

143 2848 192 2893 by
213 2847 400 2892 authority
417 2859 583 2888 cxcuscs3
608 2847 680 2881 and
699 2847 762 2881 the
783 2847 867 2881 like.

214 2909 235 2938 2
268 2904 316 2938 So
345 2905 521 2939 Aristotlc
546 2910 788 2945 enumeratos,
813 2914 947 2949 among
972 2903 1078 2938 those
1099 2901 1179 2937 who
1201 2901 1248 2936 do
1269 2913 1316 2936 an
1337 2901 1462 2946 unjust
1482 2899 1599 2944 thing,

279 3008 432 3065 [Gno'r.
455 3010 520 3067 11.]
1410 2976 1464 3016 29
