2018 3204
146 458 186 482 De
197 458 266 489 offic.
276 457 293 481 i.
306 458 341 482 13.

142 982 168 1006 p.
181 976 228 1003 376
236 982 263 1001 D.

139 1448 198 1474 Lib.
213 1450 229 1473 i.
241 1450 278 1474 24.

364 193 446 234 156
793 201 861 234 DE
894 200 1393 236 INTERPRETATIONE.
1660 199 1755 244 [LIB.
1775 201 1825 237 11.

363 311 396 352 Ι.
463 312 486 352 1
578 311 735 353 PSUM
770 310 839 366 qui
874 310 1062 365 promisit
1096 310 1225 352 solum
1258 311 1291 353 si
1326 316 1570 366 spectamus,
1607 316 1752 366 sponte
1785 311 1828 353 id

598 383 800 432 praestare
825 376 1032 432 obligatur
1057 376 1098 417 in
1122 376 1232 431 quod
1254 377 1428 434 obligari
1451 376 1590 418 voluit.
1655 378 1711 418 In
1728 379 1827 433 fide

362 445 467 496 quid
501 444 680 485 senseris
717 457 800 483 non
837 443 943 495 quid
977 443 1142 484 dixeris
1177 444 1464 497 coyitandwn,
1501 441 1633 497 inquit
1669 442 1823 484 Cicero.

363 509 446 550 Sed
471 508 566 562 quia
600 507 751 548 interni
785 514 901 549 actus
936 522 1011 563 per
1043 522 1086 549 se
1121 508 1363 563 spectabiles
1397 523 1478 550 non
1514 514 1621 558 sunt,
1647 513 1689 550 et
1723 508 1826 550 certi

363 572 517 628 aliquid
542 573 805 615 statuendum
841 579 916 622 est,
942 588 994 615 ne
1018 573 1129 614 nulla
1158 573 1211 615 sit
1243 573 1450 631 obligatio,
1477 574 1511 615 si
1540 573 1712 629 quisque
1735 588 1826 615 sen-

361 653 450 680 sum
473 653 594 695 quem
620 639 746 681 vellet
775 638 851 680 sibi
883 639 1114 696 affingendo
1144 639 1322 681 liberare
1350 655 1393 681 se
1424 646 1587 695 posset;
1624 639 1714 695 ipsa
1743 639 1826 682 dic-

360 709 478 747 tante
501 704 679 747 naturali
703 704 862 747 ratione
886 705 954 760 jus
986 711 1049 746 est
1078 704 1127 754 ei,
1155 705 1218 746 cui
1242 705 1341 761 quid
1364 705 1606 761 promissum
1629 711 1705 755 est,
1731 720 1825 761 pro-

359 770 570 813 missorem
594 785 742 828 cogere
765 771 818 813 ad
842 771 884 812 id
907 771 1017 826 quod
1040 776 1155 813 recta
1176 770 1463 826 interpretatio
1487 771 1697 828 suggerit:
1729 786 1825 813 nam

359 836 513 892 alioqui
537 851 605 878 res
639 837 795 879 exitum
829 851 912 877 non
944 836 1176 892 reperiret:
1210 837 1319 892 quod
1343 836 1385 878 in
1408 837 1631 878 moralibus
1654 851 1730 893 pro
1750 837 1825 878 im-

359 902 540 957 possibili
583 903 772 945 habetur.
842 903 933 944 Hoc
974 902 1082 944 forte
1122 917 1244 944 sensu
1284 917 1374 944 cum
1415 903 1466 944 de
1504 902 1634 958 pactis
1672 903 1825 960 egisset

361 969 564 1010 Isocrates
593 968 902 1024 praescriptione
931 968 1129 1010 adversus
1162 968 1469 1017 Callimachum,
1493 965 1651 1026 τούτῳ,
1679 969 1822 1025 inquit,

364 1032 472 1092 νόμῳ
499 1036 619 1091 κοινῷ
653 1031 813 1080 πάντες
839 1030 1057 1094 ἄνθρωποι
1083 1029 1366 1085 διατελοῦμεν
1389 1031 1615 1095 χρώμενοι,
1640 1041 1687 1076 ut
1709 1041 1824 1077 recte

360 1114 452 1141 eum
488 1100 620 1142 locum
657 1100 891 1142 emendavit
932 1100 996 1142 vir
1032 1100 1361 1142 eminentissimae
1394 1099 1634 1143 eruditionis
1674 1102 1824 1143 Petrus

359 1166 510 1216 Faber,
539 1167 644 1208 ¹lzctc
681 1168 765 1221 leffe
796 1169 1006 1207 communi
1041 1168 1229 1208 homines
1264 1169 1378 1208 inter
1406 1182 1481 1209 nos
1509 1176 1715 1222 perpetuo
1738 1169 1823 1209 uti-

358 1247 472 1281 mur,
498 1247 573 1274 nec
599 1232 733 1274 Graeei
765 1237 938 1282 tantum,
964 1232 1037 1274 sed
1073 1237 1115 1274 et
1145 1232 1335 1282 Barbari,
1367 1238 1413 1274 ut
1441 1233 1563 1288 paulo
1594 1239 1690 1275 ante
1713 1233 1823 1275 idem

357 1298 533 1339 dixerat.
1711 1311 1718 1316 ·

459 1366 485 1405 2
534 1364 628 1404 Huc
659 1363 759 1404 illud
791 1363 971 1419 pertinet
1004 1363 1046 1405 in
1078 1364 1248 1420 antiqua
1281 1365 1466 1406 federum
1502 1364 1678 1406 formula
1711 1364 1823 1420 apud

356 1428 545 1472 Livium:
585 1430 692 1472 Sine
716 1430 811 1471 dolo
835 1430 949 1470 malo
984 1431 1153 1484 antique
1177 1446 1227 1473 ecc
1251 1432 1321 1473 hic
1355 1432 1480 1472 hodie
1502 1432 1734 1472 rectissime
1757 1432 1822 1472 in-

416 1534 425 1552 ¹
450 1537 488 1564 In
504 1538 573 1564 toto
589 1535 651 1564 isto
668 1535 782 1572 Capite
802 1537 958 1572 perpetuo
978 1544 1053 1564 con·
1183 1536 1196 1557 ¹³
1217 1537 1292 1566 Non
1314 1537 1522 1576 qrammatz‘ca
1544 1546 1613 1575 quoe
1632 1540 1677 1566 est
1697 1547 1734 1566 ez·
1755 1538 1820 1566 ori-

353 1588 503 1616 ferendus
533 1587 756 1615 Pvrnxnonp.
785 1586 837 1615 De
867 1586 949 1614 lere
972 1585 1053 1616 Nat.
1121 1585 1207 1624 gline]
1232 1587 1319 1616 Bene
1339 1587 1514 1625 Procopius
1534 1587 1775 1616 Vamlalicorum
1796 1588 1821 1617 1.

354 1640 383 1665 et
400 1636 488 1666 Gem‘.
507 1636 576 1665 Lib.
588 1645 619 1665 V.
636 1646 705 1674 cap.
717 1637 765 1665 12.
781 1645 853 1664 cum
868 1635 962 1665 Notis
978 1645 1052 1665 nos-
1122 1637 1176 1665 ubi
1203 1637 1242 1666 de
1269 1646 1345 1665 voce
1379 1637 1448 1674 agit
1474 1637 1721 1666 Federatorum:
1759 1637 1822 1666 τοῦ

353 1686 421 1715 tris.
463 1687 498 1715 J.
514 1686 557 1716 B.
1123 1685 1242 1724 χρόνου
1257 1685 1317 1715 ’τάς
1331 1685 1571 1723 προσηγορίας,
1601 1685 1655 1723 ἐφ’
1675 1685 1718 1715 ὧν
1746 1686 1821 1715 τέθ-

410 1740 424 1754 ἵ*
449 1735 563 1772 Utique
581 1744 618 1763 ea
633 1735 683 1763 hic
703 1734 794 1762 hodie
812 1734 980 1762 rectissime
1002 1734 1051 1762 in·
1122 1747 1238 1772 εινται,
1254 1735 1377 1769 ἥκιστα
1393 1735 1565 1774 ἀξιοῦντος
1580 1739 1708 1774 τηρεῖν.
1730 1736 1821 1766 α’λλᾰ

353 1783 474 1812 tellecta
502 1782 586 1821 sunt]
619 1783 705 1811 Vota
737 1783 985 1820 interpretanda,
1015 1786 1052 1812 ut
1121 1787 1190 1814 τῶν
1221 1786 1433 1823 πραγμάτων
1467 1786 1518 1814 αἐὶ
1551 1786 1822 1825 περιφερομένων

353 1832 563 1860 communiter
585 1834 762 1867 sumuntur,
785 1834 899 1860 notant
924 1832 1050 1861 Hebraei
1119 1834 1261 1872 ᾖταῦτα
1276 1834 1371 1872 ἄγειν
1386 1835 1555 1864 ἐθέλουσιν
1569 1835 1743 1872 ἅνθρωποι,
1753 1838 1821 1865 τῶν

352 1883 392 1911 ad
408 1882 504 1911 Num.
520 1891 592 1910 xxx,
1120 1884 1267 1921 πρόσθεν
1299 1884 1537 1922 ὠνομασμένων
1568 1885 1822 1923 ὀλιγωροῦντες·

413 1932 426 1949 2
448 1933 485 1960 In
503 1933 606 1969 Opere
622 1931 837 1966 Semestriuni‚
859 1930 964 1960 Lib.1.
981 1941 1051 1969 cap.
1120 1933 1233 1971 Lorzqa
1257 1934 1324 1962 dies
1344 1944 1403 1962 non
1431 1934 1506 1962 solet
1526 1943 1651 1963 servare
1673 1944 1759 1963 voces
1787 1935 1821 1963 in

353 1984 383 2014 7.
398 1982 430 2010 in
446 1981 516 2011 fine.
559 1982 595 2011 J.
611 1982 655 2010 B.
1120 1982 1230 2021 quibus
1239 1983 1377 2019 primum
1392 1983 1471 2012 ιῖαἰιε
1485 1987 1559 2012 sunt
1572 1992 1679 2012 sensu.-
1696 1987 1820 2013 vertun-

719 2160 900 2194 emman
920 2159 1026 2193 XVI.
1081 2158 1138 2206 Of
1155 2158 1442 2204 Intmpretation.

427 2229 457 2263 Ι.
511 2232 529 2262 1
562 2228 601 2262 If
616 2239 670 2262 we
698 2228 840 2273 merely
864 2226 1034 2262 consider
1052 2226 1131 2260 him
1157 2226 1238 2260 who
1259 2226 1325 2261 has
1346 2225 1544 2271 promised,
1565 2224 1613 2260 he
1634 2226 1664 2260 is
1688 2225 1816 2260 bound

354 2290 395 2320 to
422 2286 597 2332 perform,
626 2285 783 2320 without
804 2284 1046 2330 compulsion‚
1072 2283 1154 2317 that
1175 2287 1214 2317 to
1237 2283 1355 2317 which
1381 2283 1428 2317 he
1449 2294 1521 2317 was
1542 2283 1680 2327 willing
1700 2287 1739 2317 to
1767 2282 1816 2317 be

354 2343 491 2377 bound.
552 2343 600 2376 In
624 2343 715 2387 90οᾶ
725 2342 839 2386 saith,
859 2342 953 2375 what
975 2353 1048 2386 you
1069 2341 1222 2385 tlzoztyht,
1245 2346 1305 2374 7101}
1331 2341 1426 2374 what
1451 2352 1524 2385 you,
1550 2340 1640 2380 said,
1661 2340 1691 2373 is
1717 2345 1751 2374 to
1780 2341 1816 2374 be

355 2400 564 2439 considered,
585 2410 666 2445 says
697 2399 836 2433 Cicero.
889 2398 964 2432 But
991 2398 1149 2432 because
1169 2397 1331 2431 internal
1352 2401 1429 2431 acts
1451 2397 1493 2431 of
1510 2396 1731 2431 themselves
1752 2407 1816 2430 are

353 2461 421 2491 not
442 2468 489 2490 an
507 2456 629 2500 object
647 2456 689 2489 of
709 2466 826 2495 sense,
847 2455 921 2489 and
941 2466 1043 2489 some
1061 2455 1203 2489 certain
1222 2454 1304 2488 rule
1331 2457 1429 2488 must
1448 2454 1496 2488 be
1514 2453 1750 2494 established,
1777 2453 1816 2487 in

355 2513 465 2548 order
485 2513 567 2547 that
584 2513 804 2557 obligations
822 2523 907 2557 may
926 2517 993 2545 not
1010 2512 1056 2546 be
1077 2511 1292 2552 frustrated,
1313 2522 1352 2545 as
1372 2511 1462 2556 they
1479 2511 1598 2556 might
1618 2510 1676 2551 be,
1697 2510 1729 2543 if
1743 2520 1816 2556 any

354 2581 436 2610 one,
459 2570 508 2615 by
525 2570 748 2614 pretending
772 2581 845 2614 any
873 2580 978 2603 sense
1004 2569 1046 2603 of
1062 2568 1118 2602 his
1144 2568 1262 2602 words
1283 2568 1403 2602 which
1423 2567 1471 2602 he
1491 2568 1601 2602 chose
1622 2571 1662 2601 to
1683 2567 1815 2611 assign,

354 2627 464 2660 could
484 2627 563 2660 free
583 2626 736 2660 himself
746 2639 754 2667 3
784 2626 932 2659 natural
949 2636 1081 2660 reason
1102 2625 1257 2659 dictates
1284 2625 1367 2659 that
1393 2624 1491 2658 what
1517 2625 1547 2659 is
1568 2624 1754 2670 promised
1774 2628 1815 2657 to

353 2694 426 2728 any
443 2694 525 2724 one,
539 2683 700 2728 compels
714 2683 777 2717 the
794 2683 976 2728 promiser
992 2686 1030 2716 to
1046 2681 1128 2716 that
1145 2681 1264 2715 which
1282 2693 1303 2715 a
1319 2681 1418 2726 right
1434 2681 1719 2727 interpretation
1732 2690 1815 2723 sug-

353 2744 469 2783 gests3
486 2740 544 2773 for
556 2739 749 2773 otherwise
762 2739 825 2773 the
839 2744 976 2773 matter
988 2738 1108 2773 would
1122 2739 1215 2772 have
1228 2749 1276 2772 no
1290 2737 1535 2772 determinate
1549 2737 1679 2777 result;
1696 2735 1815 2769 which

354 2795 390 2827 in
410 2796 527 2829 moral
544 2800 697 2830 matters
714 2796 744 2830 is
761 2796 849 2830 held
866 2800 904 2830 to
922 2796 970 2830 be
987 2795 1211 2841 impossible.
1250 2795 1416 2840 Perhaps
1434 2795 1464 2828 it
1477 2806 1548 2829 was
1566 2795 1604 2827 in
1619 2793 1693 2827 this
1709 2802 1815 2826 sense

353 2849 436 2884 that
462 2851 654 2892 Isocrates,
680 2853 841 2897 treating
863 2853 906 2886 of
924 2857 1039 2897 pacts,
1060 2853 1174 2897 spoke
1195 2851 1238 2885 of
1260 2853 1312 2886 the
1340 2862 1499 2886 common
1526 2851 1603 2884 ναῖε
1629 2849 1739 2882 which
1763 2848 1816 2882 all

354 2907 497 2940 observe.
561 2907 610 2940 So
632 2908 742 2953 Livy:
775 2909 847 2942 sine
867 2909 944 2942 dolo
965 2909 1059 2942 malo
1081 2909 1263 2943 intellecta.

437 2966 457 2996 2
489 2961 569 2996 The
587 2974 755 2997 measure
774 2964 816 2998 of
837 2964 935 3009 right
956 2964 1253 3009 interpretation,
1270 2964 1300 2998 is
1320 2963 1384 2997 the
1401 2972 1575 3010 purpose,
1592 2972 1631 2996 as
1652 2960 1817 2996 inferred
