2018 3204
162 191 252 226 off.
273 189 360 234 IX.]
624 191 848 226 DOMINIA
876 191 1150 227 DESINANT.
1567 188 1621 231 17

161 299 271 341 unde
303 298 405 341 illud
435 313 597 355 quoque
628 299 800 358 intelligi
834 300 951 343 facile
991 305 1138 356 potest,
1172 315 1252 356 quo
1281 300 1377 356 jure
1411 300 1622 358 episcopus

163 365 389 414 Romanus,
439 370 611 406 vacante
651 365 834 421 imperio,
881 362 1167 408 finvestituras
1211 366 1369 408 tribuat
1405 366 1622 409 feudorum

162 429 323 486 imperii
346 429 534 481 Romani,
571 430 666 485 quia
689 431 840 473 scilicet
863 432 904 473 in
932 431 1081 487 populo
1105 433 1308 481 Romano,
1342 432 1414 474 tali
1437 438 1623 488 tempore

162 495 306 544 libero,
342 494 496 551 primas
522 495 692 538 obtinet.
762 496 905 539 Solent
931 504 1068 538 autem
1096 511 1188 552 quae
1218 503 1312 539 sunt
1343 497 1525 553 corporis
1551 497 1623 539 ali-

163 560 276 615 cujus
306 563 407 616 gper
441 560 613 616 primam
649 576 866 617 personam
910 561 1093 618 corporis
1124 561 1286 604 nomine
1329 563 1531 618 expediri,
1577 568 1624 605 ut

162 625 259 667 alibi
282 640 444 681 quoque
467 626 652 668 diximus.
722 628 868 682 Neque
891 642 989 669 vero
1019 627 1125 668 male
1156 628 1298 684 Cynus
1322 633 1364 670 et
1388 628 1624 685 Raynerius

162 691 386 741 tradidere,
421 691 456 733 si
479 693 712 747 Imperator
736 694 946 735 Romanus
969 692 1112 734 morbo
1135 698 1207 734 aut
1237 693 1475 749 captivitate
1497 693 1623 749 impc-

163 756 323 798 diretur
352 756 469 815 fungi
498 757 681 813 imperio,
718 772 836 814 posse
865 758 902 800 ei
925 757 1119 800 vicarium
1155 757 1246 799 dari
1276 758 1330 800 ab
1357 758 1444 814 ipso
1474 758 1624 815 populo

164 822 365 865 Romana

258 888 358 929 XII.
428 887 610 929 Heredis
627 902 857 944 personam,
881 886 1018 944 quoad
1041 887 1208 929 dominii
1231 893 1315 930 tam
1334 887 1485 944 publici
1502 903 1625 944 quam

163 952 317 1009 privati
345 953 702 1004 continuationem,
737 969 813 1010 pro
841 954 984 997 eadem
1015 953 1172 995 censeri
1204 968 1296 995 eum
1323 954 1505 996 defuncti
1533 969 1626 1011 per-

165 1018 624 1074 sona,certiestjurss.

258 1084 378 1125 XIII.
447 1083 591 1126 Victor
613 1089 752 1126 autem
776 1085 882 1127 victo
912 1088 1113 1140 quatenus
1134 1084 1337 1135 succedat,
1373 1084 1481 1127 infra
1503 1084 1545 1126 in
1569 1085 1627 1127 ef-

165 1147 338 1190 fectibus
360 1147 454 1190 belli
479 1148 759 1204 explicabitur.

167 1263 357 1293 Germanico
384 1264 547 1293 Palatinus
574 1266 606 1294 et
634 1265 716 1294 Saxo
743 1263 862 1294 Vicarii
928 1267 1079 1303 tanquam
1108 1266 1228 1303 primus
1252 1267 1336 1296 inter
1361 1266 1508 1297 Ordines.
1552 1266 1628 1295 Phi-

165 1313 300 1351 imperii,
323 1313 428 1342 divisis
450 1314 603 1352 partibus.
645 1313 727 1343 Vide
754 1314 862 1342 Serra-
928 1314 1034 1352 lippus
1046 1316 1206 1345 Honorius
1221 1317 1252 1345 in
1267 1317 1487 1346 dissertatione
1502 1317 1541 1346 de
1554 1325 1628 1354 reg-

166 1371 242 1392 num
277 1362 438 1392 Ludovico
463 1363 544 1392 XII.
580 1363 671 1401 (Pag.
697 1364 767 1393 505.
796 1362 862 1392 Ed.
929 1373 971 1392 no
987 1364 1137 1394 Poloniae.
1166 1366 1286 1402 [Immo
1300 1366 1352 1395 De
1366 1366 1548 1403 Interreqno
1562 1365 1628 1393 Po.

168 1410 280 1441 Paris.
296 1411 400 1449 1627.)
930 1412 1032 1442 lonioe.
1074 1414 1118 1443 Et
1145 1414 1199 1443 illa
1222 1415 1401 1444 dissertatio
1428 1417 1476 1444 est
1504 1413 1628 1443 Horatii

225 1465 241 1486 Β
260 1459 327 1489 Per
356 1460 496 1497 primam
521 1469 689 1498 personam
722 1461 864 1499 corporis
933 1463 1134 1500 Spanorchii:
1159 1472 1253 1501 quam
1270 1464 1351 1493 Phil.
1375 1464 1534 1492 Honorius
1556 1466 1628 1492 tan-

167 1509 286 1539 nomine
305 1509 460 1548 ezpeclirz']
498 1510 580 1539 Nam
610 1513 643 1539 et
670 1511 702 1539 in
722 1511 864 1540 Poloniae
931 1515 1000 1541 tum
1028 1513 1160 1541 inseruit
1188 1513 1351 1542 Thesauro
1379 1513 1523 1548 Politieo,
1551 1522 1570 1541 a
1595 1521 1629 1541 se

167 1559 350 1596 interregno
374 1559 641 1597 Archiepiscopus
671 1559 865 1589 Gnesnensis
933 1562 1067 1590 collecto
1094 1564 1126 1590 et
1159 1561 1257 1596 edito,
1283 1571 1359 1599 pag.
1389 1561 1459 1598 426,
1488 1565 1516 1591 et
1542 1571 1628 1600 seqq.

168 1609 268 1647 Regis
286 1609 389 1639 locum
406 1612 504 1645 tenet,
523 1609 555 1637 in
571 1610 649 1638 solio
662 1610 751 1647 regio
765 1610 865 1646 sedet,
932 1611 1024 1641 Edit.
1035 1610 1186 1649 Francos:
1202 1611 1288 1642 1617.
1331 1611 1366 1642 J.
1383 1611 1439 1649 B.]

246 1786 328 1820 Nor
348 1785 378 1820 is
398 1785 480 1820 that
500 1785 670 1820 unsound
689 1785 809 1820 which
830 1785 953 1831 Cynus
974 1785 1048 1819 and
1068 1784 1275 1830 Raynerius
1295 1784 1390 1819 have
1414 1783 1489 1818 laid
1511 1783 1630 1825 down,

169 1842 253 1877 that
283 1841 316 1876 if
341 1841 404 1876 the
434 1842 579 1876 Roman
609 1843 792 1887 Emperor
817 1852 913 1876 were
942 1842 1145 1888 preventcd
1182 1841 1279 1876 from
1310 1841 1545 1886 discharging
1574 1840 1631 1874 his

170 1899 274 1934 office
293 1898 342 1944 by
371 1898 512 1933 disease
540 1909 584 1932 or
613 1899 800 1945 captivity,
826 1898 934 1933 there
963 1898 1083 1944 might
1112 1898 1159 1934 bc
1189 1909 1211 1933 a
1241 1898 1440 1934 substitute
1465 1898 1525 1932 for
1553 1897 1632 1931 him

169 1954 371 2002 appointed
390 1954 440 2000 by
459 1954 524 1990 the
543 1956 691 1989 Roman
711 1955 863 2001 Peoplc.

245 2012 335 2047 XII.
398 2011 496 2046 That
515 2011 579 2046 the
603 2022 737 2057 person
767 2012 809 2047 of
827 2011 891 2046 the
912 2011 1004 2053 heir,
1035 2022 1075 2046 as
1099 2015 1139 2046 to
1165 2011 1230 2047 the
1255 2011 1511 2047 continuation
1539 2009 1632 2045 both

171 2068 215 2104 of
235 2068 360 2115 public
380 2068 452 2102 and
472 2069 615 2114 private
637 2068 855 2114 ownership,
876 2069 906 2103 is
926 2072 965 2103 to
985 2068 1033 2103 be
1054 2069 1252 2104 conceived
1273 2080 1312 2104 as
1333 2069 1397 2104 tho
1417 2079 1518 2104 same
1542 2066 1632 2102 with

172 2124 236 2161 the
253 2136 387 2171 person
404 2124 595 2166 deceased,
611 2125 641 2159 is
661 2125 879 2160 undoubted
900 2125 980 2159 law,

248 2182 357 2216 XIII.
408 2181 503 2216 How
520 2181 578 2216 far
598 2181 662 2216 the
680 2182 895 2227 Conquoror
914 2182 1088 2217 succeeds
1106 2186 1145 2216 to
1166 2182 1230 2218 the
1248 2182 1479 2228 Conqucred,
1495 2179 1568 2214 will
1584 2179 1631 2215 bo

172 2238 368 2285 explained
388 2237 507 2273 below
528 2239 566 2272 in
581 2239 760 2284 speaking
781 2239 823 2274 of
841 2239 905 2274 the
922 2238 1049 2274 effects
1066 2239 1108 2273 of
1126 2250 1209 2274 war.

309 3003 463 3059 [GROT.
496 3005 565 3065 11.]
