2018 3204
253 186 344 221 cn».
365 183 471 230 xx]
836 187 903 220 DE
933 186 1115 220 POENIS.
1630 175 1710 214 2&ss

252 314 444 356 processu
474 314 500 342 a
522 305 608 343 toto
632 300 686 342 ad
718 306 878 356 partem
906 299 1073 356 proprie
1097 297 1330 346 consistere,
1364 296 1435 338 sed
1456 295 1498 337 in
1521 295 1713 337 habenda

252 365 412 407 ratione
436 365 522 421 ejus
545 365 796 422 aptitudinis,
834 381 926 421 quae
945 366 1013 421 jus
1041 364 1181 406 stricte
1205 363 1357 405 dictum
1376 362 1418 404 in
1449 377 1493 404 se
1515 376 1596 402 non
1621 376 1713 402 con-

252 431 394 479 tineat,
431 432 503 473 sed
527 431 775 473 occasionem
801 431 838 472 ei
860 432 946 474 det.
1006 432 1249 486 Quanquam
1272 444 1369 471 vero
1393 428 1430 470 is
1453 427 1522 483 qui
1546 426 1713 483 punitur

251 502 373 551 aptus
406 503 480 538 aut
510 497 660 554 dignus
684 511 771 538 esse
806 497 929 538 debet
953 496 1100 552 puniri,
1136 510 1218 537 non
1242 509 1289 536 eo
1321 500 1458 536 tamen
1482 493 1524 534 id
1556 497 1714 548 spectat

252 567 299 602 ut
322 561 398 616 ipsi
421 563 589 603 accedat
611 562 777 617 aliquid,
805 562 913 617 quod
937 562 1185 618 assignatrix
1205 560 1365 617 justitia
1386 558 1576 615 postulat.
1625 559 1714 598 Nec

252 631 390 667 tamen
425 627 494 681 qui
529 627 792 682 expletricem
823 627 1037 683 justitiam,
1064 641 1184 682 quam
1210 626 1334 682 vulgo
1364 623 1713 666 commutatricem

252 697 413 741 vocant,
450 692 492 733 in
527 693 656 748 poenis
699 693 882 734 exerceri
914 693 1068 740 volunt,
1106 692 1236 748 magis
1281 706 1325 732 se
1361 690 1578 745 explicant.
1649 690 1714 730 Ita

252 756 359 797 enim
381 758 590 815 negotium
614 759 690 800 hoc
714 759 985 807 considerant,
1005 757 1121 813 quasi
1144 756 1304 798 nocenti
1322 755 1476 810 aliquid
1499 754 1711 803 reddatur,

251 822 355 864 sicut
375 822 417 864 in
442 825 717 866 contractibus
744 825 832 866 fieri
856 824 971 865 solet,
1044 822 1219 877 Decepit
1243 836 1310 862 eos
1343 820 1525 877 vulgaris
1551 819 1711 868 locutio,

251 901 334 942 qua
374 888 542 931 dicimus
576 905 738 945 poenam
771 889 912 932 deberi
952 889 989 930 ei
1023 888 1091 943 qui
1127 887 1309 942 deliquit,
1346 887 1455 941 quod
1490 885 1612 941 plane
1652 891 1714 926 est

250 949 428 1014 ἄκυρονε
461 970 555 997 nam
589 956 651 996 cui
692 955 858 1011 proprie
893 955 1067 996 debetur
1103 953 1269 1007 aliquid,
1302 952 1336 993 is
1371 952 1413 993 in
1443 952 1617 993 alterum
1645 951 1714 1006 jus

250 1019 388 1062 habet.
459 1021 541 1062 Sed
570 1036 660 1062 cum
682 1021 822 1062 deberi
850 1019 969 1061 alicui
992 1034 1153 1075 poenam
1184 1018 1366 1069 dicimus,
1402 1017 1504 1059 nihil
1527 1017 1714 1062 volumus

250 1084 360 1127 aliud
381 1100 502 1141 quam
529 1101 689 1142 aequum
713 1101 801 1128 esse
823 1092 869 1127 ut
893 1085 1099 1141 puniatur.

351 1153 378 1193 3
423 1153 579 1194 Verum
614 1157 753 1193 tamen
783 1157 844 1193 est
878 1151 920 1192 in
950 1151 1079 1206 poenis
1114 1150 1246 1207 primo
1272 1165 1320 1192 ac
1351 1164 1425 1206 per
1454 1164 1497 1190 se
1530 1147 1714 1191 exerceri

251 1216 515 1272 expletricem
533 1217 747 1272 justitiam,
785 1217 880 1272 quia
903 1217 1053 1258 scilicet
1084 1217 1153 1271 qui
1176 1216 1307 1272 punit,
1345 1223 1390 1257 ut
1414 1222 1526 1257 recte
1556 1214 1710 1270 puniat,

243 1281 312 1338 jus
336 1282 491 1324 habere
516 1283 640 1325 debet
673 1283 726 1324 ad
749 1283 1012 1339 puniendum,
1041 1283 1152 1337 quod
1180 1282 1249 1337 jus
1271 1297 1322 1323 ex
1347 1281 1494 1322 delicto
1531 1280 1713 1321 nocentis

249 1347 442 1390 nascitur.
482 1349 619 1404 Atque
643 1349 719 1390 hac
742 1348 783 1390 in
807 1363 852 1390 re
876 1354 938 1390 est
960 1348 1070 1389 aliud
1093 1343 1233 1403 dquod
1256 1348 1309 1389 ad
1334 1352 1614 1388 contractuum
1639 1359 1712 1386 na-

249 1472 338 1502 cium.
380 1472 448 1502 Nec
464 1473 627 1503 secundum
640 1474 761 1502 modum
776 1473 870 1511 czdpae
885 1483 949 1501 mo-

250 1522 308 1551 clus
329 1526 373 1552 est
392 1523 552 1552 adhibitus
560 1533 669 1561 poence,
686 1532 752 1552 cum
769 1523 871 1560 major
889 1523 947 1550 ‘mc'-

249 1581 366 1610 norque
392 1573 600 1611 trarwqressio
629 1582 688 1600 non
721 1572 810 1600 unius
841 1572 948 1600 debeat

251 1622 458 1651 mult-{ationis
508 1622 725 1659 praedamnari
769 1621 945 1658 supplicio.-

244 1671 422 1708 proesertim
436 1681 502 1700 cum
517 1672 656 1700 domiuus
671 1671 701 1699 in
714 1671 778 1709 que
792 1679 849 1699 sua
861 1679 946 1708 proe-

250 1720 371 1758 cipiat:
412 1731 473 1759 pro
502 1731 645 1750 mensura
670 1721 804 1759 peccati,
832 1720 892 1749 crit
921 1723 949 1749 et

246 1770 416 1808 playarum
432 1770 546 1799 modus.
571 1771 652 1799 Vide
667 1771 748 1798 infra
760 1770 818 1798 hoc
834 1770 947 1807 capite,

251 1819 268 1857 g
291 1820 397 1849 xxviii.
421 1823 453 1849 et
475 1821 571 1849 xxxii.
593 1824 626 1849 et
647 1820 716 1849 Lib.
737 1828 788 1848 111.
812 1828 837 1848 c.
860 1819 901 1848 xi.
917 1819 946 1857 ἓ.

251 1868 306 1906 [In
329 1870 399 1898 loeo
423 1869 543 1899 TAclTl
566 1869 736 1908 legendum
760 1869 835 1897 mihi
861 1868 946 1897 vide-

249 1920 322 1947 tur:
344 1918 405 1947 Sin
417 1919 552 1957 flaqz'tia
571 1922 598 1947 et
604 1918 771 1956 facinora,
792 1925 865 1946 1-:Ts1
881 1918 947 1946 sine

248 1967 338 1996 modo
351 1971 421 1997 sunt
435 1967 492 1997 ἃς.
513 1968 590 1996 alias
607 1977 669 1995 non
684 1970 808 1996 constat
828 1975 946 2002 sensus,

249 2025 343 2055 quem
365 2026 423 2047 nec
443 2017 677 2047 Freinshemius
699 2017 731 2045 in
752 2015 947 2054 paraphrasi,

1016 1482 1074 1502 nee
1089 1473 1141 1501 alii
1155 1473 1356 1510 interpretes,
1376 1473 1451 1501 satis
1473 1472 1658 1510 expediunt:
1681 1475 1713 1502 et

1016 1520 1108 1549 facile
1123 1529 1141 1548 a
1156 1520 1305 1549 Librariis
1321 1520 1424 1548 omitti
1439 1520 1543 1557 potuit
1559 1520 1714 1557 particula

1017 1570 1083 1604 etsi,
1105 1573 1236 1607 propter
1257 1573 1440 1607 sequentem
1462 1569 1538 1598 sine.
1581 1570 1653 1604 Qua
1674 1570 1713 1598 de

1016 1620 1213 1658 rejudicium
1229 1630 1325 1658 penes
1342 1620 1476 1649 Criticos
1491 1624 1569 1650 esto.
1604 1621 1639 1649 J.
1651 1619 1712 1659 B.]

1075 1667 1090 1687 d
1115 1667 1207 1705 Quod
1220 1667 1264 1696 ad
1277 1671 1486 1696 contractuum
1500 1671 1645 1696 naturam
1659 1678 1713 1697 ac-

1017 1716 1227 1756 cedithaepe
1251 1717 1310 1746 hoe
1334 1720 1424 1746 notat
1451 1716 1586 1753 Servius,
1607 1718 1645 1746 ad
1666 1726 1713 1747 ιν.

1016 1766 1180 1801 AEneiclos,
1197 1770 1296 1803 (vers,
1313 1766 1390 1802 695)
1406 1776 1478 1795 nam
1499 1767 1553 1804 qui
1567 1768 1715 1796 excedunt

1017 1815 1212 1854 delinquendi
1246 1815 1377 1851 modum,
1406 1817 1468 1853 ipsi
1497 1817 1558 1845 sibi
1589 1826 1715 1854 poenam

1015 1867 1166 1895 sanciunt.
1220 1865 1343 1894 Ibidem
1365 1866 1409 1903 (in
1425 1875 1508 1895 vers.
1528 1866 1601 1904 699)
1624 1867 1714 1896 clam-

1015 1926 1092 1945 nare
1109 1919 1153 1945 est
1168 1916 1268 1945 debito
1283 1916 1428 1952 liberare,
1444 1916 1523 1945 unde
1537 1925 1714 1946 DlxMNAEis

1015 1973 1058 1994 'ru
1088 1973 1228 1998 QUOQUE
1258 1973 1366 1994 voris.
1409 1966 1461 1994 Ad
1490 1975 1521 1995 x.
1548 1966 1712 2001 AEneidos,

1017 2014 1110 2052 (vers.
1122 2015 1173 2052 32)
1186 2022 1295 2043 LUANT
1306 2023 1458 2043 PECCATA
1470 2025 1477 2044 ι
1501 2015 1597 2052 luant,
1613 2015 1648 2044 id
1660 2019 1714 2051 est,

248 2184 328 2219 sion
349 2187 388 2219 to
409 2184 449 2218 it.
511 2183 595 2217 And
624 2182 804 2228 although
825 2183 873 2217 he
890 2181 971 2216 who
993 2181 1022 2215 is
1040 2180 1223 2226 punished
1242 2179 1357 2224 ought
1378 2184 1417 2214 to
1437 2179 1531 2215 have
1556 2193 1578 2215 a
1594 2183 1712 2216 moral

248 2241 370 2281 claim,
401 2251 443 2275 or
467 2244 506 2274 to
531 2240 579 2274 be
604 2239 757 2285 worthy,
784 2244 823 2274 to
855 2239 902 2273 be
935 2237 1129 2283 punished,
1156 2237 1232 2271 still
1264 2237 1346 2271 that
1375 2237 1462 2271 does
1500 2242 1566 2272 not
1593 2250 1640 2284 go
1671 2243 1710 2274 to

247 2308 362 2343 prove
379 2296 461 2331 that
481 2296 528 2330 he
545 2296 611 2330 has
631 2295 721 2330 such
743 2307 765 2329 a
785 2296 927 2340 quality
947 2306 986 2329 as
1007 2294 1372 2338 attributivejustice
1389 2293 1563 2339 requires.

317 2354 393 2387 But
412 2352 559 2387 neither
576 2353 622 2386 do
640 2352 729 2397 they
745 2351 826 2386 who
847 2351 935 2386 hold
952 2351 1034 2386 that
1051 2351 1253 2396 expletory,
1269 2361 1322 2391 or,
1342 2361 1380 2384 as
1402 2351 1430 2384 it
1451 2351 1480 2385 is
1501 2352 1712 2398 commonly

250 2409 381 2450 called,
402 2413 673 2454 commutatory
688 2409 833 2453 justice,
849 2410 879 2443 is
897 2408 1083 2443 exercised
1100 2408 1137 2441 in
1151 2407 1408 2449 Punishment,
1425 2408 1571 2453 explain
1589 2409 1709 2443 them-

249 2467 365 2501 selves
390 2465 524 2500 better.
576 2466 649 2499 For
670 2466 758 2511 they
775 2466 907 2511 regard
928 2465 992 2500 the
1014 2465 1240 2499 transaction
1266 2475 1305 2498 as
1331 2464 1364 2498 if
1385 2465 1594 2511 something
1615 2478 1710 2501 were

248 2523 337 2568 paid
364 2526 403 2556 to
431 2521 495 2556 the
515 2521 692 2563 offender,
719 2534 758 2557 as
786 2523 815 2557 is
841 2522 1052 2567 commonly
1073 2522 1169 2556 done
1194 2523 1232 2555 in
1262 2525 1459 2556 contracte.
1513 2522 1617 2568 They
1647 2534 1711 2558 are

250 2578 424 2614 deceived
442 2579 491 2624 by
507 2579 572 2613 the
592 2579 719 2624 vulgar
736 2580 947 2625 expression
965 2580 1002 2613 in
1023 2578 1142 2612 which
1163 2589 1216 2612 we
1238 2589 1301 2624 say
1318 2577 1399 2612 that
1417 2579 1663 2614 Punishment
1680 2581 1710 2615 is

250 2638 303 2671 the
329 2637 394 2670 due
421 2635 464 2670 of
485 2635 562 2669 him
585 2635 665 2670 who
694 2635 760 2670 has
789 2636 1062 2681 transgressed3
1087 2634 1205 2669 which
1230 2635 1259 2669 is
1283 2635 1422 2680 plainly
1448 2647 1494 2669 an
1522 2637 1711 2683 improper

249 2693 473 2739 expression,
499 2692 558 2726 for
579 2692 625 2726 he
652 2697 691 2727 to
718 2692 837 2728 whom
859 2693 1039 2738 anything
1076 2692 1104 2726 is
1133 2691 1308 2737 properly
1332 2703 1353 2725 a
1381 2692 1464 2733 due,
1481 2692 1547 2727 has
1569 2705 1591 2727 a
1610 2694 1711 2740 right

250 2762 338 2785 over
355 2749 523 2784 another.
580 2749 655 2783 But
672 2748 778 2783 when
797 2761 850 2784 we
867 2761 931 2795 say
949 2749 1030 2783 that
1046 2748 1286 2794 punishment
1301 2749 1330 2783 is
1348 2760 1420 2795 any
1437 2745 1536 2784 one’s
1553 2750 1637 2790 due,
1656 2763 1710 2786 we

249 2819 357 2842 mean
380 2806 536 2851 nothing
553 2806 627 2840 else
648 2805 739 2840 than
757 2806 839 2841 that
858 2807 887 2841 it
905 2807 933 2840 is
946 2807 1025 2851 just
1042 2805 1124 2840 that
1144 2805 1190 2839 he
1208 2805 1340 2839 should
1361 2806 1408 2840 be
1425 2806 1620 2851 punished.

317 2868 338 2900 3
370 2863 466 2905 still,
486 2862 665 2903 however,
683 2864 711 2897 it
728 2863 757 2897 is
778 2868 872 2905 true,
892 2863 974 2897 that
994 2863 1032 2896 in
1053 2861 1292 2908 punishment
1309 2862 1372 2897 the
1387 2864 1523 2908 justice
1539 2863 1658 2898 which
1679 2866 1709 2899 is

249 2920 436 2957 exercised
462 2921 492 2955 is
512 2921 551 2954 in
567 2920 631 2955 the
652 2920 732 2955 first
749 2920 854 2967 place
875 2920 947 2956 and
960 2932 1028 2966 per
1044 2931 1076 2955 se
1092 2919 1284 2966 cxplctory
1299 2920 1456 2966 justice:
1483 2921 1642 2957 because
1661 2921 1710 2958 he

1424 2987 1574 3028 16--2
