2018 3204
144 549 223 573 Prov.
235 548 270 573 vi.
285 549 307 572 1.

147 1079 173 1096 V.

186 1074 225 1097 52.

362 92 418 133 36
901 99 969 134 DE
1001 98 1283 134 PROMISSIS.
1657 96 1752 140 [Lm.
1771 98 1820 134 11.

363 215 511 267 potest,
537 216 681 253 contra
701 215 891 252 naturam
915 223 1027 251 suam
1051 209 1254 250 facturum
1277 208 1352 250 nisi
1368 209 1567 264 promissa
1585 212 1819 265 praestaret.

363 278 470 318 Neh.
508 277 561 319 ix.
597 279 651 325 ὃς
693 277 800 318 Heb.
838 275 888 317 vi.
926 277 994 324 18,
1029 280 1070 316 et
1104 289 1143 315 x.
1182 276 1266 324 233
1301 277 1323 316 1
1359 275 1454 316 Cor.
1480 275 1504 316 i.
1533 278 1572 323 9,
1610 289 1647 316 x.
1676 276 1758 324 13;
1793 275 1818 316 1

364 343 506 384 Thess.
532 358 570 384 v.
598 344 678 392 243
706 344 731 383 2
758 342 897 383 Thess.
923 340 976 382 iii.
1000 342 1026 381 3
1048 355 1058 389 ;
1083 341 1109 380 2
1135 339 1238 380 Tim.
1264 339 1303 381 ii.
1332 342 1399 382 13.
1472 341 1596 383 Unde
1619 339 1819 395 sequitur,

363 414 411 450 ut
434 408 633 464 promissa
661 413 912 463 praestentur
936 406 1075 447 venire
1108 420 1158 446 ex
1183 411 1332 447 natura
1354 405 1617 448 immutabilis
1634 405 1819 462 justitiae,

363 488 456 529 quae
481 475 571 515 Deo
597 479 639 515 et
670 472 855 514 omnibus
885 470 949 512 his
984 471 1054 526 qui
1085 471 1243 512 ratione
1266 476 1450 520 utuntur,
1476 487 1548 513 suo
1569 472 1690 514 modo
1714 486 1821 513 com-

363 539 496 581 munis
533 544 606 580 est.
670 537 840 579 Accedit
869 535 1066 592 judicium
1106 536 1361 579 Salomonis:
1408 539 1504 579 Fili
1533 540 1607 587 mi,
1636 539 1675 580 si
1715 539 1822 593 quid

363 605 630 660 spopondisti
668 604 810 652 alteri,
845 604 1033 659 defixisti
1063 611 1231 644 externo
1266 603 1386 645 volas
1415 611 1525 652 tuas,
1556 605 1821 659 illaqueatus

364 686 406 713 es
433 672 572 712 verbis
606 671 695 711 oris
724 671 818 711 tui:
855 677 1007 724 captus
1036 684 1077 710 es
1113 670 1478 710 enuntiationibus
1507 670 1596 711 oris
1629 671 1707 712 tui.
1763 670 1820 711 Et

363 736 458 778 hinc
495 735 689 777 Hebraeis
720 734 932 791 promissio
971 739 1142 776 vocatur
1179 743 1312 779 3750&
1352 736 1583 784 vinculum,
1617 741 1659 777 et
1695 737 1820 777 ⁰v0t0

365 807 636 858 comparatur,
660 803 782 842 Num.
808 816 905 842 xxx.
931 802 971 850 4,
998 802 1037 849 5,
1063 802 1101 842 6.
1174 800 1324 841 Similis
1348 799 1462 857 origo
1487 800 1596 842 vocis
1631 797 1823 862 ὑποσχέ-

365 886 472 912 σεως
506 873 648 909 notata
692 866 910 908 Eustathio
947 866 1001 907 ad
1037 866 1258 907 secundum
1297 865 1476 907 Iliados.
1514 863 1685 910 αλὶσκει
1722 865 1820 926 *γάρ

366 954 455 981 πως
491 954 558 977 Kal
590 953 770 993 ΚαΤΕχΕι
809 952 890 976 ’ΤΟΠ
928 951 1235 992 υπΟσχΟμΕΙὈν
1268 952 1291 974 Ο
1323 951 1405 984 ’Την
1443 929 1732 990 ΕπίΓῪὙΕλίαν
1758 928 1822 976 δε-

365 998 561 1058 ξάμενος.
631 995 650 1020 ‘¹
665 1000 794 1055 Capit
833 1014 886 1040 ac
925 1000 1060 1040 vincit
1100 1000 1408 1051 quodammodo
1433 1001 1738 1053 promissorem
1767 1000 1820 1049 is,

365 1068 437 1108 cui
459 1068 515 1120 fit
538 1067 783 1121 promissio.
855 1066 986 1114 Quem
1021 1079 1182 1105 sensum
1216 1078 1298 1105 non
1333 1064 1438 1105 male
1473 1065 1649 1106 secundo
1677 1067 1821 1107 Meta-

363 1134 638 1187 morphoseon
661 1129 862 1186 expressit
888 1130 1070 1179 Ovidius,
1090 1129 1160 1171 ubi
1185 1128 1405 1186 promissor
1430 1128 1466 1170 ei
1491 1129 1554 1171 cui
1575 1130 1820 1186 promiserat

362 1197 450 1240 ait:
497 1199 585 1239 Vox
606 1212 700 1238 meav
711 1199 846 1250 facta
871 1205 948 1238 tua
972 1205 1043 1237 est.

465 1264 491 1303 2
538 1261 616 1304 His
640 1261 811 1318 cognitis
843 1277 924 1302 non
951 1261 1166 1303 difficulter
1193 1261 1531 1317 respondebimus
1554 1262 1608 1304 ad
1632 1262 1818 1305 Connani

362 1333 620 1385 argumenta.
689 1328 798 1369 Nam
823 1326 1208 1383 jurisconsultorum
1241 1328 1351 1369 dicta
1383 1328 1433 1369 de
1457 1328 1586 1384 pactis
1610 1328 1730 1370 nudis
1753 1343 1819 1370 re-

362 1393 539 1449 spiciunt
576 1393 652 1441 eid,
692 1393 801 1448 quod
835 1392 1033 1434 Romanis
1069 1392 1229 1449 legibus
1266 1400 1356 1435 erat
1393 1393 1685 1443 introductum,
1725 1409 1818 1450 quae

362 1459 578 1501 deliberati
609 1457 732 1500 animi
766 1458 928 1514 signum
969 1463 1126 1499 certum
1168 1458 1468 1501 constituerunt
1502 1460 1818 1516 stipulationem.

361 1526 507 1581 Neque
537 1539 736 1582 negamus
763 1523 913 1565 similes
944 1538 1033 1565 esse
1063 1524 1105 1565 in
1135 1523 1224 1566 aliis
1250 1524 1411 1580 populis
1431 1525 1555 1582 leges.
1624 1529 1728 1576 Quae
1755 1527 1820 1568 lex

418 1652 432 1667 ⁰
457 1647 532 1676 Voto
564 1645 778 1684 comparatur]
824 1646 924 1684 Quasi
945 1647 1056 1684 pacis-
1126 1646 1177 1676 Sc.
1193 1648 1221 1676 2.
1243 1656 1322 1676 τετε.
1340 1648 1404 1684 22.)

360 1700 470 1726 cuntur
483 1706 550 1726 cum
564 1696 641 1725 Diis
655 1697 789 1725 homines
804 1697 957 1725 oblatione
971 1700 1055 1724 voto·
1184 1702 1197 1716 Ε
1216 1697 1267 1731 Id,
1290 1698 1372 1734 quod
1385 1698 1538 1726 Romanis
1559 1697 1676 1736 leyibus
1692 1701 1760 1727 erat
1774 1699 1823 1727 in-

360 1756 438 1775 rum.
474 1746 578 1775 Schol.
595 1746 729 1774 Horatii.
785 1746 839 1783 (In
855 1754 906 1773 111.
928 1745 987 1774 od.
1004 1745 1053 1775 29.
1131 1744 1317 1782 traductum]
1343 1745 1444 1774 Caute
1458 1746 1575 1774 Paulus
1589 1746 1825 1784 Sententiarum,

360 1807 389 1826 v.
405 1796 474 1835 59.)
1125 1794 1194 1823 Lib.
1212 1803 1249 1823 11.
1276 1795 1340 1822 Tit.
1359 1796 1404 1822 14.
1449 1794 1486 1823 Si
1502 1799 1629 1833 pactum
1652 1797 1763 1824 nudum
1786 1797 1824 1826 de

419 1846 433 1867 (ἲ
458 1845 553 1883 Capit
568 1855 605 1875 ac
619 1844 729 1883 vincit]
753 1845 832 1874 Inde
844 1845 969 1873 vincula
983 1844 1056 1873 fidei
1120 1844 1309 1881 prastandis
1330 1844 1432 1872 usuris
1447 1844 1657 1882 interposiizcm
1677 1849 1731 1884 est,
1753 1846 1822 1875 nul-

361 1898 455 1926 dieta.
490 1896 636 1925 Donatus
650 1897 694 1925 ad
706 1896 900 1924 Eunuchum.
933 1896 1018 1932 (Act.
1032 1903 1054 1923 1.
1126 1894 1186 1922 lius
1213 1897 1256 1922 est
1280 1895 1440 1923 momenti:
1467 1904 1504 1923 ex
1528 1896 1607 1924 nudo
1630 1896 1709 1925 enim
1726 1901 1822 1934 pacto

359 2062 555 2097 instituted
575 2062 654 2103 law,
679 2062 801 2096 would
821 2066 881 2097 act
902 2066 1074 2107 contrary
1093 2066 1132 2096 to
1149 2061 1206 2095 his
1227 2065 1370 2102 nature,
1391 2065 1522 2107 except
1542 2061 1589 2096 he
1606 2061 1821 2107 performed

359 2119 415 2154 his
429 2119 619 2165 promises.
646 2117 732 2163 [See
746 2119 809 2153 the
820 2117 1020 2164 passages.]
1049 2118 1214 2153 Whence
1235 2119 1263 2152 it
1279 2119 1433 2159 follows,
1451 2118 1533 2152 that
1554 2117 1618 2152 the
1634 2119 1818 2164 perform-

360 2188 452 2211 ance
485 2176 528 2210 of
554 2176 733 2221 promises
765 2176 942 2221 proceeds
973 2176 1070 2210 from
1102 2175 1166 2209 the
1197 2179 1330 2209 nature
1364 2175 1406 2209 of
1430 2175 1648 2209 immutable
1673 2175 1819 2220 justice,

359 2233 479 2267 which
499 2233 540 2273 is,
565 2233 603 2265 in
623 2244 645 2266 a
667 2233 808 2267 certain
834 2244 924 2279 way,
954 2243 1125 2267 common
1145 2235 1184 2266 to
1203 2232 1287 2266 God
1307 2232 1381 2266 and
1402 2236 1440 2266 to
1462 2232 1511 2265 all
1540 2232 1699 2266 rational
1716 2243 1819 2266 crea-

359 2293 470 2323 tures.
534 2289 583 2323 So
610 2290 719 2323 Prov.
748 2290 794 2324 vi.
829 2293 861 2323 1.
922 2289 956 2323 Α
986 2289 1147 2335 promise
1179 2289 1209 2322 is
1239 2289 1379 2334 spoken
1413 2288 1455 2322 of
1483 2299 1522 2322 as
1555 2288 1816 2322 indissoluble:

359 2346 433 2380 and
454 2357 476 2379 a
491 2356 580 2379 vow.
629 2346 665 2379 N
669 2345 768 2379 umb.
788 2357 869 2380 xxx.
893 2350 926 2387 4,
945 2351 977 2387 5,
995 2349 1027 2380 6.
1081 2346 1130 2380 So
1152 2345 1216 2380 the
1236 2345 1337 2380 word
1356 2344 1551 2389 ὑπόσχεσις
1570 2345 1600 2379 is
1621 2345 1820 2390 explained

358 2402 408 2448 by
428 2402 657 2437 Eustathius.
721 2402 770 2436 So
794 2402 900 2437 Ovid.
968 2399 1085 2447 [Sea]

435 2463 456 2493 2
498 2459 586 2493 This
612 2459 722 2504 being
746 2459 984 2499 understood,
1004 2470 1058 2494 we
1083 2458 1177 2494 shall
1197 2458 1291 2494 have
1316 2470 1365 2493 no
1387 2458 1565 2504 difficulty
1591 2458 1630 2491 in
1649 2457 1820 2503 replying

357 2519 397 2550 to
424 2516 650 2550 Connanus's
671 2520 895 2560 arguments.
958 2516 1032 2550 For
1052 2516 1116 2550 the
1138 2517 1233 2550 dicta
1262 2516 1305 2550 of
1327 2516 1455 2560 jurists
1484 2515 1694 2560 respecting
1718 2514 1818 2549 nude

357 2576 461 2617 pacts
478 2573 611 2617 regard
627 2572 691 2606 the
712 2573 792 2607 rule
809 2572 927 2607 which
943 2584 1015 2607 was
1035 2573 1256 2607 introduced
1272 2573 1322 2618 by
1339 2573 1402 2607 the
1420 2573 1567 2606 Roman
1583 2571 1681 2612 laws,
1698 2571 1819 2605 which

356 2629 465 2663 made
485 2630 693 2674 stipulation
714 2629 778 2664 the
805 2630 947 2664 certain
973 2630 1054 2674 sign
1075 2630 1118 2664 of
1139 2641 1162 2663 a
1190 2630 1394 2664 deliberate
1423 2639 1597 2674 purpose.
1658 2628 1740 2661 Nor
1769 2627 1817 2661 do

357 2695 411 2718 we
454 2685 551 2730 deny
583 2686 665 2719 that
692 2686 832 2720 similar
866 2686 953 2721 laws
988 2686 1129 2721 existed
1158 2686 1196 2719 in
1229 2686 1337 2720 other
1373 2686 1531 2720 nations.
1598 2685 1707 2718 What
1746 2683 1817 2716 law

357 2741 482 2785 obliyes
501 2753 542 2774 us
563 2747 595 2774 το
624 2744 786 2788 ρεηβονῐη
806 2744 901 2777 what
917 2755 966 2777 we
986 2744 1071 2777 have
1085 2743 1267 2788 promised
1287 2749 1319 2777 to
1341 2755 1414 2788 any
1431 2742 1519 2776 one?
1549 2751 1630 2785 says
1662 2740 1815 2780 Seneca,

357 2796 535 2842 speaking
556 2797 599 2829 of
614 2797 753 2832 human
775 2800 844 2833 law
869 2797 1043 2844 [Natural
1056 2797 1173 2843 Law],
1194 2800 1268 2834 and
1289 2811 1311 2833 a
1330 2799 1491 2844 promise
1511 2801 1577 2831 not
1598 2795 1705 2830 made
1727 2795 1815 2829 with

357 2852 490 2887 formal
510 2852 717 2898 solemnity.
