2018 3204
130 145 218 180 OAP.
239 143 346 188 XII.]
606 143 674 176 DE
705 140 1103 177 CONTRACTIBUS.
1531 133 1584 177 57

128 255 206 297 sita
242 253 429 311 quaedam
464 250 665 301 adessent,
702 256 749 293 ut
781 250 822 292 in
854 249 1086 292 venditione
1120 249 1176 291 ⁰si
1204 249 1255 292 de
1279 249 1412 305 pretio
1437 264 1582 292 conve-

129 321 267 369 nisset,
302 319 424 361 etiam
461 332 507 359 re
539 317 715 373 integra,
753 317 798 358 id
831 322 894 358 est
929 321 1148 371 antequam
1184 330 1210 357 a
1244 315 1421 371 partium
1451 316 1584 358 altera

129 385 357 443 praestitum
398 388 505 425 esset
550 382 716 437 aliquid,
761 381 1052 439 injungebatur
1097 381 1292 437 implendi
1337 381 1582 424 necessitas:

130 467 219 494 cum
244 451 286 492 in
309 450 387 491 illis
409 448 635 491 rarioribus
659 463 705 489 rc
735 447 899 504 integra
933 447 1104 488 daretur
1136 446 1363 502 poenitendi
1399 447 1582 496 libertas,

128 517 170 558 id
195 523 256 558 est
277 515 508 572 impunitas,
534 513 630 569 quia
657 514 724 554 lex
755 513 884 554 civilis
919 512 1001 554 vim
1040 512 1279 554 coactricem
1314 512 1585 555 subtrahebat

129 582 207 624 illis
229 580 574 628 conventionibus,
600 585 646 621 ut
669 578 754 620 sola
785 578 1112 620 contrahentium
1137 577 1216 619 fide
1239 583 1407 620 starent.

223 649 250 688 3
297 647 354 688 A't
370 646 437 702 jus
460 651 619 687 naturae
641 644 805 701 ignorat
829 645 916 685 haec
940 643 1199 685 discrimina:
1237 658 1370 699 neque
1393 657 1491 685 vero
1515 644 1586 699 qui

129 712 368 755 innominati
399 712 452 753 ab
483 711 561 752 illis
591 710 782 752 dicuntur
805 715 1049 757 contractus,
1082 714 1154 750 aut
1181 708 1313 750 minus
1343 714 1437 750 sunt
1468 715 1586 750 natu-

130 779 250 828 rales,
285 783 358 820 aut
397 777 528 818 minus
564 775 749 831 antiqui:
781 775 861 816 imo
898 775 1156 830 permutatio,
1193 788 1284 829 quae
1324 773 1586 815 innominatis

129 849 379 892 accensetur,
404 842 580 884 emtione
604 848 646 884 et
676 837 925 897 “simplicior
957 845 1019 881 est
1043 845 1085 881 et
1108 839 1325 895 antiquior.
1393 840 1449 880 Et
1482 840 1585 880 Eus-

133 909 290 952 tathius
310 909 363 951 ad
389 908 540 949 Iliados
565 922 606 948 x.
631 907 700 949 ubi
725 906 776 947 de
799 905 1021 947 certamine
1044 904 1204 960 publico
1226 904 1376 961 agitur,
1401 904 1464 945 cui
1482 919 1586 960 prae-

131 975 255 1016 mium
291 974 552 1016 constitutum
589 978 663 1022 est,
715 971 823 1027 quod
855 971 966 1026 apud
1001 971 1227 1011 Homerum
1262 976 1324 1012 est
1364 965 1585 1028 ἄρνυσθαι,

131 1041 429 1096 interpretatur
491 1035 1004 1084 ἀντικαταλλάττεσθαι,
1067 1035 1224 1077 addens
1288 1033 1589 1093 συνάλλαγμα

133 1101 230 1165 ‘ya'p
263 1124 308 1148 τι
344 1104 413 1148 καὶ
446 1102 504 1147 τά
539 1106 738 1146 τοιαῦτα·
771 1102 961 1143 nimirum
995 1101 1098 1143 facio
1134 1107 1181 1143 ut
1212 1101 1294 1142 des.
1366 1102 1452 1143 Nos
1486 1116 1587 1158 ergo

132 1178 323 1213 naturam
352 1173 580 1225 sequentes,
617 1173 851 1210 contractus
871 1181 1010 1209 omnes
1032 1166 1303 1216 diremtorios,
1330 1167 1440 1209 nullo
1461 1167 1588 1209 nomi-

136 1282 297 1320 Quantum
296 1280 445 1320 feliciore
453 1289 529 1314 oevo,
540 1288 607 1309 cum
616 1288 665 1308 res
675 1278 828 1318 ipsccper-

132 1332 332 1361 mutabantur
352 1331 432 1360 inter
453 1339 493 1366 se,
520 1330 599 1359 sicut
627 1332 655 1358 et
684 1328 830 1365 T7·ojarzis

132 1381 318 1419 temporibus
341 1380 527 1419 factitatum
567 1379 705 1408 Homero
745 1377 831 1407 credi

133 1430 282 1461 convenit.
314 1430 409 1459 Libro
424 1432 524 1465 sexto,
539 1438 608 1467 cap.
620 1437 711 1458 xxm.
727 1428 764 1457 de
775 1428 830 1457 Se-

132 1481 219 1510 rz‘bus
232 1490 242 1509 .·
277 1479 432 1509 Fluminis
452 1478 598 1507 ulteriore
618 1478 692 1515 ripa
717 1485 831 1506 merces

129 1531 310 1569 propositas
321 1529 420 1566 juxta
441 1528 568 1557 venalia
586 1527 655 1556 tolli
676 1526 715 1555 ab
739 1527 788 1555 Izis
801 1526 830 1554 si

130 1581 259 1618 placeat
288 1579 488 1617 permutatio.
530 1577 618 1606 Mela
652 1577 690 1605 de
719 1576 829 1604 iisdem

135 1630 223 1668 (Lib.
240 1637 291 1658 111.
313 1638 339 1657 c.
356 1629 385 1658 7.
406 1628 493 1657 n.10.
513 1626 581 1655 Ed.
601 1625 717 1662 Voss.).·
740 1624 831 1654 Seres

134 1680 296 1715 intersunt,
318 1687 411 1716 qenus
420 1677 546 1714 plenum
551 1675 682 1712 justitia-
697 1685 734 1704 ez·
748 1685 830 1704 com-

136 1728 261 1761 mercio,
281 1727 364 1765 quod
377 1727 467 1755 rebus
482 1726 513 1754 in
527 1725 693 1754 solitudine
711 1724 830 1753 relictis

136 1777 245 1807 absens
261 1776 399 1815 peraqit.
434 1775 485 1804 De
502 1775 611 1804 iisdem
631 1774 829 1810 Ammianus,

894 1278 975 1307 libro
985 1287 1091 1307 xxm.
1115 1278 1208 1316 (Cap.
1220 1287 1265 1308 VI.
1276 1287 1309 1316 p.
1319 1280 1387 1308 413.
1410 1278 1474 1308 Ed.
1491 1278 1589 1308 Vates.

898 1328 1026 1366 Gron.):
1051 1327 1128 1357 Cum
1142 1328 1186 1356 ad
1199 1328 1436 1365 eo'e'mendaflla
1450 1329 1497 1357 vel
1510 1339 1591 1366 qute-

896 1378 969 1406 dam
992 1377 1062 1407 alia
1079 1377 1218 1415 fluvium
1245 1377 1434 1406 transierunt
1461 1377 1593 1413 advena»,

896 1427 988 1456 nulla
1007 1436 1177 1455 sermonum
1192 1427 1267 1459 vice,
1285 1427 1522 1463 propositarum
1543 1436 1592 1455 re-

897 1485 965 1505 rum
974 1476 1081 1513 pretia
1090 1476 1165 1504 solis
1174 1475 1272 1505 oeulis
1281 1476 1478 1506 [estimantur.
1507 1477 1594 1506 Mela

898 1526 934 1554 de
950 1526 1116 1561 Sarmatis,
1133 1525 1251 1563 [Immo
1266 1525 1303 1554 de
1319 1526 1495 1562 Satarchis‚
1514 1535 1552 1556 11.
1570 1535 1593 1555 1.

897 1574 950 1612 95]
963 1585 970 1603 z
992 1574 1059 1603 Vice
1071 1584 1171 1603 rerum
1182 1575 1363 1604 commercia
1372 1580 1521 1605 ezerr-ent.
1542 1577 1593 1605 De

899 1624 1026 1653 Colchis
1048 1624 1118 1653 wide
1133 1624 1347 1662 Busbequium
1363 1625 1512 1662 Epistola
1526 1626 1595 1654 Ez-

898 1674 1050 1702 oticarum
1079 1682 1130 1702 111.
1165 1673 1258 1711 (Pag.
1287 1675 1354 1702 205.
1394 1674 1458 1702 Ed.
1483 1674 1592 1703 Elzev.

896 1722 997 1760 1660.)
1012 1723 1050 1751 de
1061 1722 1279 1760 LapponibuS‚
1295 1722 1409 1751 Olaum
1427 1723 1592 1761 Magnum,

896 1773 977 1802 libro
992 1781 1035 1802 1v.
1053 1781 1080 1801 c.
1093 1773 1123 1802 5.

136 1919 200 1954 the
222 1922 390 1954 contract
418 1930 490 1953 was
510 1918 599 1953 held
620 1929 659 1953 as
679 1918 744 1953 the
772 1918 875 1960 rule;
906 1929 946 1953 as
974 1919 1014 1952 in
1040 1919 1111 1954 sale
1137 1915 1170 1950 if
1194 1915 1258 1951 the
1278 1919 1380 1964 price
1404 1919 1479 1954 had
1499 1919 1595 1955 been

136 1975 271 2021 agreed
293 1986 406 2021 upon,
430 1975 495 2010 the
517 1979 684 2010 contract
705 1986 776 2010 was
797 1975 906 2021 good,
926 1986 1019 2010 even
1046 1987 1084 2010 re
1104 1975 1252 2018 ἰηιθρνᾶ,
1278 1975 1360 2010 that
1384 1977 1426 2017 is,
1453 1976 1597 2022 though

136 2032 293 2078 nothing
310 2032 382 2066 had
402 2032 498 2067 been
525 2032 738 2077 performed
761 2043 808 2067 on
829 2032 949 2067 either
965 2032 1063 2068 side:
1096 2033 1202 2070 while
1229 2033 1268 2066 in
1295 2032 1359 2067 the
1385 2044 1489 2067 rarer
1508 2044 1596 2068 con-

137 2093 262 2130 tracts,
287 2100 326 2124 re
349 2089 498 2134 inteyrd,
522 2088 628 2123 there
649 2100 721 2123 was
742 2089 898 2123 allowed
918 2089 982 2123 the
999 2089 1135 2136 liberty
1152 2091 1195 2125 of
1211 2090 1425 2134 retracting‚
1450 2089 1533 2124 that
1553 2090 1596 2129 is,

137 2146 333 2192 impunity,
362 2145 521 2180 because
549 2145 612 2180 the
636 2146 728 2180 Civil
748 2146 835 2180 Law
856 2145 1033 2180 withhcld
1055 2148 1219 2182 coactive
1239 2146 1342 2180 force
1368 2145 1465 2180 from
1489 2145 1597 2180 those

138 2206 333 2243 contracts,
357 2202 502 2248 leaving
519 2202 620 2237 them
639 2206 677 2237 to
694 2202 802 2237 stand
827 2213 875 2236 on
896 2202 960 2237 the
982 2203 1078 2248 good
1095 2203 1190 2239 saith
1212 2203 1255 2238 of
1277 2202 1341 2237 the
1366 2202 1598 2248 contracting

137 2259 276 2305 parties
293 2259 391 2305 only.

217 2320 237 2351 3
292 2316 452 2350 Natural
476 2316 563 2350 Law
583 2316 672 2351 does
698 2319 765 2351 not
791 2316 982 2361 recognize
1018 2316 1122 2352 these
1148 2316 1400 2352 distinctions:
1439 2315 1499 2350 for
1534 2315 1599 2350 the

140 2377 324 2407 contracts
343 2373 460 2407 which
478 2384 541 2407 are
557 2372 677 2408 called
694 2373 742 2419 by
763 2384 848 2408 men
865 2373 1094 2414 innominate,
1113 2385 1177 2409 are
1197 2373 1343 2408 neither
1359 2373 1430 2407 less
1451 2372 1598 2406 natural

140 2440 208 2464 nor
225 2429 296 2463 less
313 2430 460 2464 ancient
477 2430 568 2464 than
584 2430 648 2464 the
665 2430 866 2465 nominate.
909 2430 946 2464 N
949 2441 994 2475 ay
1010 2431 1220 2477 Exchange,
1236 2429 1355 2464 which
1370 2431 1399 2464 is
1412 2428 1599 2464 reckoned

141 2496 276 2530 among
293 2485 357 2520 the
378 2486 616 2527 innominate,
637 2487 666 2521 is
683 2486 775 2522 both
796 2487 900 2522 older
919 2487 993 2522 and
1014 2488 1164 2533 simpler
1186 2488 1276 2522 than
1296 2487 1445 2532 buying.
1506 2486 1600 2519 Eus-

141 2541 292 2580 tathius,
329 2542 450 2576 where
485 2543 524 2576 in
554 2542 618 2577 the
645 2544 746 2577 Iliad
774 2543 834 2586 (Β.
860 2543 914 2586 x.)
947 2555 969 2577 a
996 2544 1120 2589 public
1149 2548 1294 2579 contest
1324 2543 1354 2577 is
1384 2542 1600 2576 mentioned

141 2597 229 2632 with
247 2599 382 2644 aprizo
407 2599 619 2644 appointed,
651 2599 769 2634 which
793 2600 831 2633 in
859 2600 1001 2634 Homer
1028 2601 1057 2634 is
1080 2601 1158 2634 said
1174 2606 1213 2635 to
1240 2600 1287 2634 be
1314 2599 1454 2639 earnecl,
1486 2598 1600 2633 inter-

142 2660 243 2701 prcts
261 2655 299 2695 it,
317 2655 420 2689 taken
438 2655 475 2688 in
491 2656 675 2700 exchanqe,
692 2655 840 2700 adding,
854 2658 926 2700 sor
946 2657 973 2690 it
989 2657 1018 2689 is
1039 2668 1062 2690 α
1078 2663 1149 2690 sort
1170 2658 1218 2701 os
1230 2661 1412 2694 eorm-act,-
1443 2655 1601 2701 namcly,

132 2712 237 2757 facio
268 2718 306 2746 ut
336 2713 402 2752 cles,
434 2712 452 2745 Ι
477 2712 577 2745 work
607 2711 689 2746 that
714 2722 787 2757 you
819 2724 903 2757 may
938 2724 1020 2758 pay.
1082 2713 1150 2747 We
1177 2713 1377 2753 therefore,
1413 2712 1601 2758 following

143 2774 286 2809 nature,
310 2768 403 2803 shall
424 2768 523 2803 refer
543 2768 592 2802 all
613 2768 816 2813 dii-emtory
842 2773 1027 2804 contracts
1054 2772 1092 2804 to
1119 2769 1182 2804 the
1212 2769 1318 2804 three
1346 2769 1454 2803 kinds
1481 2768 1602 2803 which

143 2837 196 2860 we
226 2825 320 2861 have
347 2825 573 2866 mentioned,
610 2826 760 2870 making
790 2836 837 2860 no
863 2825 1076 2861 distinction
1102 2826 1144 2861 of
1175 2827 1365 2862 nominate
1396 2825 1468 2860 and
1495 2826 1600 2860 inno-

143 2883 293 2917 minate.

1606 930 1630 947 v.
1646 925 1697 948 160.
