2018 3204
227 191 317 226 CAP.
338 192 462 236 xvi]
657 194 725 229 DE
756 193 1254 230 INTERPRETATIONE.
1607 185 1690 230 177

226 315 306 356 que
329 302 473 345 eadem
497 317 619 346 causa
646 303 864 360 aequitatiS,
891 303 934 346 id
958 308 1032 352 est,
1059 301 1228 345 rationis
1250 316 1342 358 quae
1369 301 1454 344 sola
1477 307 1688 344 moverat:

225 367 292 408 Ita
326 367 600 419 interdictum,
637 372 750 412 ‘cende
777 378 823 412 tu
846 385 910 412 me
944 371 990 412 vi
1016 370 1217 423 dejeceris
1250 369 1492 410 hominihus
1527 370 1690 410 coactis

224 435 474 482 armatisve,
493 434 624 476 locum
641 435 795 477 habere
813 436 1010 477 adversus
1031 449 1190 476 omnem
1210 434 1291 476 vim
1316 448 1409 489 quae
1427 434 1480 475 ad
1505 438 1627 489 caput
1646 439 1687 475 et

225 497 351 539 vitam
375 499 592 554 pertineat.
656 503 733 542 Ea
755 503 878 549 enim,
901 500 1046 556 inquit,
1061 501 1314 556 plerumque
1323 502 1379 554 fit
1395 515 1477 554 per
1498 501 1685 542 homines
1704 513 1768 544 cap·
1783 513 1823 538 22-

223 571 391 606 coactos
425 573 727 619 armatosque:
771 581 864 621 quae
895 568 935 608 si
966 567 1054 607 alio
1086 567 1275 616 consilio,
1309 567 1450 607 eodem
1486 566 1684 620 periculo

207 629 344 682 sacta
368 631 439 677 sit,
464 632 604 672 eodem
618 631 719 685 jure
743 646 828 673 esse
851 633 1084 673 voluerunt.
1155 632 1204 672 In
1233 630 1528 672 declamatione
1551 630 1682 686 patris

224 693 465 743 Quintiliani
490 696 720 752 exemplum
746 697 822 738 hoc
845 703 931 739 est:
960 699 1106 739 Caedes
1127 698 1296 739 videtur
1313 698 1560 750 siqnificare
1582 711 1680 738 san·
1695 706 1773 730 Decl·
1787 705 1843 729 250-

217 761 389 813 quinem
414 769 453 803 et
474 763 650 816 ferrum
667 778 680 803 .·
715 764 755 804 si
785 764 881 818 quis
904 764 993 804 alio
1019 777 1168 816 yenere
1191 763 1311 803 homo
1331 763 1479 814 fuerit
1503 763 1679 809 occisus,

220 826 282 866 ad
304 826 428 867 illam
450 828 573 882 Zeqem
600 837 866 870 revertemur.
914 829 970 870 Si
992 829 1197 869 inciderit
1221 829 1267 867 in
1288 827 1486 873 latrones,
1514 827 1615 868 ¹aut
1633 829 1680 867 in

219 905 359 946 aquas
386 895 704 948 praecipitatus,
738 895 779 935 si
809 895 857 935 in
896 894 1088 948 aliquam
1122 894 1373 933 immensam
1405 893 1681 933 altitudinem

217 957 401 1010 dejectas
420 960 579 1013 fuerit,
616 961 763 1001 eadem
799 960 883 1013 leffe
913 959 1210 1000 vindicabitur
1239 972 1325 1012 qua
1358 959 1433 999 ille
1456 959 1533 1012 qui
1552 959 1681 1012 ferro

212 1037 443 1077 percussus
483 1026 551 1066 sit.
625 1024 775 1066 Similis
815 1030 877 1065 est
917 1023 1220 1080 argumentatio
1256 1022 1349 1063 Isaei
1396 1023 1583 1064 oratione
1629 1023 1681 1064 de

218 1088 375 1144 Pyrrhi
405 1089 648 1138 hereditate,
685 1104 774 1131 cum
800 1104 852 1131 ex
876 1103 924 1130 eo
956 1089 1065 1144 quod
1100 1094 1390 1130 testamentum
1417 1088 1556 1130 Attica
1588 1088 1681 1145 lege

217 1153 390 1195 vetitum
413 1160 520 1196 esset
550 1154 637 1196 fieri
661 1155 743 1197 filia
766 1154 909 1205 invita,
942 1154 1079 1204 infert,
1117 1169 1169 1196 ne
1193 1153 1454 1210 adoptionem
1490 1150 1679 1210 2quidem

217 1232 268 1259 ea
288 1219 417 1261 invita
440 1220 638 1276 permitti.

315 1285 434 1327 XXI.
490 1285 628 1342 Atque
652 1285 745 1328 hinc
769 1286 965 1329 solvenda
993 1292 1055 1330 est
1086 1287 1259 1330 celebris
1284 1287 1354 1330 illa
1377 1287 1560 1343 quaestio,
1587 1301 1679 1342 quae

214 1355 258 1392 et
291 1351 402 1407 apud
436 1351 612 1394 Gellium
642 1357 705 1394 est
738 1352 789 1394 de
819 1354 1027 1403 mandato,
1057 1368 1110 1395 an
1139 1353 1302 1410 impleri
1331 1353 1458 1410 possit
1492 1367 1573 1394 non
1604 1367 1679 1408 per
1698 1359 1839 1384 Liui-¹³-

213 1454 301 1484 Idem
314 1456 416 1485 valent
429 1455 591 1493 sponsalia
606 1456 689 1494 quod
702 1456 827 1493 nztplz'ae.
864 1456 914 1485 Sic

214 1504 245 1532 in
261 1504 332 1543 lege
347 1515 405 1543 per
426 1506 549 1534 Mosen]
572 1506 647 1533 data
667 1506 725 1533 snb
747 1505 834 1533 bovis
855 1515 912 1533 no-

213 1555 298 1584 mine
335 1556 558 1593 intelliguntur
594 1556 699 1583 onmia
742 1556 914 1584 animantia

212 1609 394 1635 mansueta:
416 1607 473 1634 sub
489 1605 614 1634 nomine
630 1606 717 1643 putei
733 1606 816 1634 fossa
826 1615 911 1643 quae-

212 1654 269 1689 vis,
286 1655 387 1684 Exodi
407 1655 469 1683 xxi.
492 1656 540 1684 28.
563 1658 595 1683 et
613 1655 662 1683 35.
706 1654 912 1683 Chassanaens

217 1702 370 1742 Cataloqo
385 1704 494 1742 qloriae
508 1703 617 1732 mundi
632 1712 663 1732 v.
679 1706 780 1741 parte,
794 1703 912 1732 consid.

212 1754 260 1783 49.

275 1802 281 1820 ¹
306 1803 413 1832 Editio
431 1802 583 1831 Obrechti
598 1802 714 1831 habet:
739 1802 775 1830 Si
789 1802 909 1831 occide-

212 1853 255 1881 rit
270 1852 302 1880 in
317 1853 451 1881 latrinas
466 1856 520 1881 aut
530 1851 584 1881 διο.
606 1852 690 1889 quod
703 1851 828 1880 omniuo
841 1860 909 1880 rec-

212 1903 274 1932 tius
289 1906 346 1932 est.
388 1903 422 1932 J.
435 1903 477 1933 B.

272 1951 284 1969 ²
305 1952 407 1981 Locus
431 1955 479 1981 est
501 1961 574 1990 pag.
597 1953 666 1981 400.
689 1952 780 1981 Edit.
807 1951 907 1981 Wech.

211 2001 265 2030 sed
281 2001 334 2029 ubi
349 2002 407 2030 hoe
422 2004 546 2030 tantum
561 2001 686 2037 dicitur,
708 2002 834 2030 Patrem
853 2001 907 2039 qui

209 2050 292 2079 solas
309 2050 400 2088 filias,
422 2060 459 2079 ex
475 2051 564 2088 justo
587 2050 786 2079 matrimonio
808 2053 907 2086 natas,

209 2100 371 2139 relinquit,
392 2101 547 2130 neminem
568 2109 659 2139 posse
674 2101 836 2138 adoptare,
852 2100 907 2129 he-

982 1456 1151 1494 redemque
1169 1457 1315 1492 scribere,
1330 1456 1386 1484 nisi
1403 1456 1452 1484 eui
1474 1456 1560 1493 prius
1583 1457 1679 1486 filiam

982 1503 1013 1531 in
1036 1504 1269 1533 matrimonium
1292 1504 1603 1541 collocaverit,juxta
1618 1505 1680 1534 Le·

981 1561 1054 1590 gem
1085 1554 1221 1582 Athenis
1257 1554 1473 1583 constitutam.
1515 1555 1679 1592 Deceptus

982 1606 1030 1630 est
1043 1603 1163 1631 Auctor
1177 1604 1216 1631 ab
1240 1604 1420 1641 interprete
1438 1603 1552 1632 Latino
1575 1604 1679 1633 infeli-

980 1652 1114 1688 cissimo,
1130 1653 1182 1690 qni
1199 1653 1254 1681 ἐπὶ
1268 1654 1408 1681 ταύταις
1429 1653 1534 1687 vertit,
1550 1654 1582 1682 in
1603 1654 1678 1683 illa-

981 1711 1049 1730 rum
1079 1701 1244 1740 [filiarum]
1275 1703 1431 1731 arbitrio:
1463 1706 1494 1731 et
1516 1702 1591 1732 ἄνευ
1612 1705 1680 1733 τῶν

981 1750 1182 1788 θυγατέρων,
1197 1751 1457 1788 insciisfilt‘abus,
1478 1761 1536 1780 non
1555 1753 1678 1782 consul-

979 1800 1038 1829 tis.-
1060 1810 1156 1837 quum
1172 1800 1238 1828 haec
1259 1800 1449 1837 significent,
1467 1810 1527 1829 non
1540 1801 1605 1830 sine
1618 1802 1679 1831 illis

979 1850 1128 1878 uxoribus
1153 1850 1255 1878 ductis
1279 1851 1318 1878 ab
1340 1859 1387 1886 eo,
1409 1851 1462 1888 qui
1485 1854 1678 1881 testamento

979 1900 1068 1928 heres
1091 1899 1277 1928 instituitur.
1319 1900 1412 1928 Adde
1431 1900 1500 1929 Viri
1520 1901 1678 1930 Eruditis-

977 1949 1046 1977 simi
1063 1949 1132 1977 Jae.
1148 1948 1301 1977 Perizonii
1316 1949 1451 1978 Dissert.
1470 1949 1580 1978 Triad.
1591 1950 1676 1980 Diss.

977 2008 1014 2029 11.
1031 2008 1104 2037 pag.
1120 1999 1169 2034 60,
1183 2002 1211 2027 et
1224 2008 1306 2037 seqq.
1322 2000 1375 2028 ubi
1389 2003 1474 2029 reete
1496 2000 1599 2029 locum
1622 2009 1678 2029 ex-

977 2049 1088 2087 ponit3
1112 2051 1148 2077 ut
1169 2048 1287 2076 dudum
1308 2052 1381 2087 post
1395 2049 1461 2078 haee
1476 2049 1594 2087 scripta
1607 2049 1678 2078 ani-

977 2098 1141 2128 madverti.
1182 2097 1216 2127 J.
1235 2098 1278 2126 B.

210 2262 396 2302 interdiet,
435 2261 533 2297 Unde
566 2268 604 2297 τιι
640 2273 692 2296 me
732 2262 767 2296 vi
791 2261 948 2308 dejeceris
978 2261 1174 2295 hominibus
1205 2259 1330 2294 coactis
1366 2258 1567 2299 armatisve,
1599 2259 1676 2294 will

211 2318 302 2352 hold
327 2320 470 2364 against
495 2319 541 2353 all
568 2319 671 2353 force
702 2318 956 2363 endangering
980 2318 1057 2358 life,
1083 2316 1225 2362 though
1250 2316 1356 2350 there
1381 2327 1466 2361 may
1490 2320 1557 2350 not
1580 2315 1627 2351 be
1652 2328 1675 2352 a

211 2375 311 2420 body
338 2375 381 2409 of
407 2376 534 2410 armed
562 2387 658 2409 men.
706 2375 756 2408 As
787 2375 916 2409 Cicero
943 2386 1036 2420 says,
1068 2374 1132 2408 the
1164 2373 1259 2418 legal
1287 2373 1396 2407 effect
1422 2373 1451 2406 is
1472 2372 1537 2406 the
1557 2383 1671 2408 same.

214 2431 264 2465 So
287 2431 490 2472 Quintilian
511 2443 603 2478 says,
629 2432 784 2466 ,nlurder
803 2443 920 2466 seems
942 2436 980 2465 to
1003 2431 1118 2476 imply
1138 2431 1230 2465 steel
1256 2440 1426 2475 weapons
1447 2429 1519 2463 and
1541 2429 1674 2471 blood;

212 2487 280 2522 but
301 2487 333 2521 if
350 2499 421 2533 any
443 2499 512 2522 one
534 2489 563 2523 is
584 2488 697 2522 killed
725 2489 761 2521 in
783 2499 854 2533 any
876 2487 983 2522 other
1005 2499 1093 2533 way,
1114 2499 1167 2522 we
1187 2487 1262 2521 still
1291 2497 1399 2521 recur
1419 2490 1458 2520 to
1479 2485 1562 2520 that
1582 2486 1671 2522 law:

212 2544 272 2578 for
289 2545 466 2585 instance,
482 2545 514 2578 if
527 2545 589 2579 the
606 2557 692 2579 man
709 2545 756 2579 be
774 2544 916 2579 thrown
933 2544 1031 2578 from
1048 2556 1068 2578 a
1088 2544 1282 2589 precipice.
1318 2544 1367 2577 So
1382 2543 1503 2583 Imeus,
1516 2542 1675 2579 because

212 2601 262 2646 by
283 2601 345 2636 the
366 2601 466 2635 Attio
487 2602 572 2635 Law
595 2613 616 2635 a
637 2605 836 2636 testament
857 2601 966 2635 could
987 2606 1052 2635 not
1072 2601 1118 2635 be
1140 2601 1247 2634 made
1269 2599 1334 2645 [by
1354 2611 1376 2633 a
1396 2598 1520 2633 father
1539 2599 1676 2646 having

213 2668 261 2692 no
286 2656 369 2701 son]
389 2659 533 2703 against
556 2658 619 2693 the
645 2659 715 2692 will
736 2658 778 2692 of
798 2669 819 2691 a
841 2657 1034 2703 daughter,
1058 2657 1172 2692 infers
1198 2657 1279 2692 that
1300 2668 1347 2690 an
1366 2656 1544 2702 adoption
1565 2657 1675 2693 could

212 2719 279 2750 not
298 2715 342 2749 be
363 2715 470 2749 made
491 2715 645 2749 without
666 2714 733 2749 her
751 2718 913 2749 consent.

289 2772 397 2806 XXI.
450 2771 533 2805 And
565 2782 613 2806 on
646 2771 750 2806 these
781 2770 980 2817 principles
1012 2770 1042 2804 is
1071 2775 1109 2805 to
1134 2770 1181 2805 be
1206 2770 1330 2805 solved
1357 2769 1438 2805 that
1463 2769 1675 2806 celebrated

213 2829 383 2874 question
409 2828 528 2863 which
553 2840 606 2863 we
631 2828 724 2863 have
755 2829 792 2862 in
819 2828 972 2868 Gellius,
996 2827 1111 2862 about
1135 2839 1157 2862 a
1182 2827 1434 2868 commission3
1458 2826 1625 2862 whether
1644 2828 1675 2862 it

213 2896 298 2931 may
325 2885 371 2921 be
398 2885 568 2927 fulfilled,
589 2890 654 2920 not
680 2885 728 2931 by
750 2885 813 2919 the
835 2884 1009 2919 identical
1032 2885 1138 2930 thing
1158 2884 1335 2926 directed,
1360 2884 1428 2919 but
1447 2884 1497 2930 by
1517 2883 1676 2919 another

213 2943 360 2989 equally
379 2943 502 2979 useful
529 2954 572 2978 οι·
597 2953 700 2978 more
722 2941 843 2977 useful
864 2941 955 2976 than
982 2941 1064 2977 that
1090 2940 1209 2977 which
1236 2951 1308 2977 was
1337 2941 1508 2988 enjoined
1529 2941 1577 2988 by
1596 2940 1676 2977 him

347 3040 501 3096 [onor.
535 3039 603 3099 rt]
1484 3007 1541 3048 12
