2018 3204
371 181 454 222 132
651 188 719 222 DE
749 186 1037 222 FEDERIBUS
1068 185 1131 220 AG
1164 186 1547 221 SPONSIONIBUS.
1669 185 1829 230 [an.st

470 295 523 338 V.
584 295 607 335 1
656 294 713 336 At
750 294 866 336 nobis
905 293 1135 336 accuratius
1171 293 1423 336 instituenda
1459 293 1628 349 partitio
1665 299 1741 343 est,
1784 300 1831 337 ut

368 360 546 417 primum
582 360 763 401 dicamus
786 360 930 401 federa
963 359 1043 401 alia
1066 359 1174 401 idem
1209 360 1469 409 constituere,
1496 359 1605 414 quod
1634 358 1741 414 juris
1769 366 1831 402 est

368 426 581 475 naturalis,
607 425 687 466 alia
710 425 865 480 aliquid
886 425 923 466 ei
947 424 1138 480 adjicere.
1191 425 1371 467 4Prioris
1394 425 1559 482 generis
1579 424 1722 467 federa
1748 439 1831 467 non

369 497 532 534 tantum
570 490 660 531 fieri
701 490 833 531 solent
866 490 974 532 inter
1009 491 1148 533 hostes
1183 490 1252 546 qui
1289 506 1314 532 a
1354 491 1460 532 bello
1489 490 1716 539 discedunt,
1757 490 1830 532 sed

368 557 462 598 olim
497 561 540 597 et
573 555 727 597 fiebant
755 570 878 611 saepe,
915 561 956 597 et
986 555 1124 611 aliquo
1156 557 1275 597 modo
1311 562 1429 598 erant
1461 555 1691 598 neccssaria
1719 555 1831 597 inter

368 636 438 663 eos
462 621 531 676 qui
561 626 658 662 ante
683 620 785 661 nihil
816 620 1143 663 contraxissent:
1174 621 1217 663 id
1244 621 1339 663 inde
1363 628 1511 672 ortum,
1547 621 1657 677 quod
1684 621 1831 678 regula

367 687 437 728 illa
463 687 569 742 juris
593 686 805 735 naturalis,
842 686 1127 743 cognationem
1157 687 1265 728 inter
1289 687 1473 728 homines
1502 687 1708 742 quandam
1741 701 1830 728 esse

366 768 392 794 a
423 759 587 801 natura,
620 766 668 809 ac
704 752 877 807 proinde
912 752 1028 794 nefas
1063 767 1152 794 esse
1183 752 1359 794 alterum
1390 753 1443 794 ab
1474 753 1605 794 altero
1639 752 1748 802 laedi,
1783 758 1830 794 ut

367 818 462 860 olim
497 824 594 860 ante
618 817 826 867 diluvium,
862 817 922 860 ita
949 833 1091 859 rursus
1124 818 1259 873 aliquo
1291 824 1383 873 post
1414 817 1610 859 diluvium
1645 823 1829 873 tempore

367 884 484 926 malis
519 883 700 925 moribus
736 888 843 925 esset
871 883 1102 933 obliterata,
1140 883 1221 924 eita
1255 889 1300 925 ut
1332 882 1566 925 latrocinari
1596 888 1638 924 et
1666 883 1830 939 praedas

367 965 494 1007 agere
528 950 570 991 in
602 955 807 997 externos,
843 949 954 990 nullo
979 949 1085 990 bello
1118 948 1284 998 indicto,
1319 963 1396 1005 pro
1431 948 1541 991 licito
1576 949 1824 998 haberetur3

370 1016 481 1070 quod
500 1012 746 1065 Σκυθισμόν
770 1020 891 1056 vocat
912 1014 1180 1070 Epiphanius.

469 1082 495 1122 2
541 1080 653 1122 Hinc
682 1080 751 1121 illa
776 1075 902 1135 fapud
932 1080 1176 1130 Homerum,
1207 1095 1260 1122 an
1290 1081 1505 1136 praedones
1528 1080 1624 1123 estis
1642 1081 1665 1122 ⁶?
1698 1080 1829 1123 amica

365 1146 650 1203 interrogatio,
687 1146 827 1202 gcujus
864 1151 906 1187 et
944 1146 1208 1202 Thucydides
1247 1147 1443 1197 meminit,
1492 1153 1534 1189 et
1578 1146 1621 1188 in
1668 1145 1829 1188 Solonis

147 1221 243 1281 {3123}
258 1221 340 1245 D-de
366 1212 460 1269 lege
485 1213 615 1254 veteri
639 1212 811 1268 collegia
837 1209 911 1255 ἐπὶ
945 1212 1065 1256 λείαν
1088 1210 1348 1272 ἐρχομένων·
1384 1213 1547 1268 quippe,
1570 1218 1617 1254 ut
1639 1213 1668 1254 J
1673 1212 1828 1254 ustinus

148 1280 326 1306 Lib-’‘¹ffi·³·
365 1278 436 1327 ait,
461 1278 515 1319 ad
540 1277 753 1332 Tarquinii
777 1283 963 1333 tempora
985 1278 1241 1320 latrocinium
1265 1278 1390 1321 maris
1412 1278 1545 1335 gloria
1567 1278 1826 1320 habebatur:

366 1349 408 1386 et
430 1343 532 1385 illud
553 1343 596 1385 in
619 1344 806 1385 Romano
827 1343 935 1398 jure,
969 1349 1016 1386 ut
1046 1343 1080 1386 si
1113 1359 1202 1386 cum
1231 1350 1355 1401 gente
1378 1344 1515 1400 aliqua
1538 1358 1671 1399 neque
1694 1342 1830 1385 amici-

156 1026 238 1057 Proejl
250 1026 313 1050 adv.

148 1057 227 1080 Haer.
237 1057 262 1080 et
270 1055 348 1079 Lib.i.

146 1093 172 1117 p.
186 1088 208 1111 4.
222 1088 323 1116 etseqq.

425 1461 438 1479 ‘²
460 1461 579 1490 Confer
594 1460 890 1494 PUFENDORFIUM,
914 1460 966 1489 De
984 1461 1067 1489 Jure

365 1511 444 1541 Nat.
461 1514 489 1540 et
507 1511 595 1541 Gent.
621 1510 691 1539 Lib.
708 1519 785 1539 VIII.
810 1520 877 1548 cap.
895 1512 942 1539 10.
978 1510 1014 1540 J.
1025 1511 1066 1540 B.

426 1566 439 1582 e
460 1561 516 1590 Ita
530 1563 563 1589 ut
579 1561 769 1589 latrocinari
783 1563 812 1589 et
824 1560 957 1598 pra’das
975 1570 1067 1598 assere

367 1612 400 1640 in
414 1615 565 1647 externos,
576 1611 661 1639 nullo
677 1610 754 1639 bello
770 1610 897 1646 indicto,
909 1620 968 1647 pro
981 1610 1067 1639 licito

365 1660 544 1699 haberetur]
580 1661 685 1690 Caesar
708 1661 746 1689 de
773 1660 949 1696 Germanis,
971 1660 1067 1696 (Bell.

370 1712 457 1741 Gall.
474 1720 519 1740 Vl.
534 1711 595 1747 23.)
623 1711 811 1739 Latrocinia
824 1711 941 1739 nullam
957 1709 1068 1738 habent

367 1761 533 1798 infamiam
551 1770 619 1798 qaoe
640 1764 731 1788 extra
742 1761 827 1797 fines
848 1759 970 1796 cujusve
989 1759 1067 1788 civi-

365 1810 442 1839 tatis
455 1810 553 1847 fiunt.
595 1809 729 1837 Accedit
751 1808 855 1837 Testis
879 1808 1008 1837 Tacitus
1031 1808 1068 1836 de

366 1860 514 1890 Moribus
531 1859 719 1895 Germanice,
741 1858 826 1897 (cap.
843 1859 880 1886 14
903 1860 935 1886 et
956 1856 1011 1895 26)
1036 1860 1068 1886 et

1133 1462 1215 1490 Saxo
1230 1461 1311 1489 libro
1327 1469 1399 1489 ΧΠ.
1416 1463 1447 1489 et
1462 1460 1546 1489 alibi.
1590 1460 1680 1489 Idem
1695 1460 1733 1489 de
1749 1460 1831 1498 Tyr-

1132 1510 1238 1539 rhenis
1252 1510 1404 1548 scriptum
1423 1513 1472 1538 est
1487 1510 1594 1538 Servio
1616 1510 1656 1538 ad
1673 1518 1747 1539 V111.
1761 1510 1831 1540 429.

1133 1563 1165 1589 et
1180 1569 1214 1588 x.
1231 1559 1398 1595 AEneidos,
1421 1563 1453 1588 et
1474 1560 1512 1588 de
1534 1559 1602 1588 aliis
1622 1560 1771 1597 gentibus
1791 1559 1832 1588 ad

1132 1610 1268 1648 primum
1280 1609 1445 1638 AEneidos.
1474 1609 1615 1638 Diodoro
1626 1610 1730 1638 Siculo
1741 1609 1830 1647 (Lib.

1132 1668 1164 1688 v.
1184 1669 1251 1698 cap.
1268 1659 1322 1698 34)
1349 1660 1386 1688 de
1407 1660 1591 1689 Lusitanis.-
1615 1660 1741 1697 quicum
1756 1660 1832 1688 Plu·-

1133 1710 1260 1737 tarchus
1280 1709 1437 1738 consentit
1453 1709 1575 1738 Mario:
1597 1709 1639 1738 τὸ
1655 1709 1832 1747 λῃστεύειν

1133 1759 1223 1787 οὔπω
1239 1758 1322 1787 τότε
1333 1759 1403 1787 τῶν
1413 1758 1550 1795 Ἰβήρων
1563 1759 1634 1797 οὐχὶ
1647 1758 1832 1787 κάλλιστον

1132 1808 1329 1846 ἡγουμένων·
1352 1808 1397 1837 ad
1416 1808 1451 1836 id
1471 1812 1587 1846 tempus
1605 1808 1763 1846 Hispanis
1784 1808 1832 1837 la-

1132 1858 1286 1886 trocinari
1309 1858 1388 1887 inter
1405 1858 1622 1895 pulcherrima
1648 1857 1831 1888 habebatur.

365 2026 573 2072 friendship
594 2026 669 2061 and
689 2026 870 2067 alliance3
900 2024 1048 2060 neither
1077 2030 1186 2072 party
1213 2026 1337 2072 giving
1366 2026 1441 2060 and
1469 2025 1616 2061 neither
1641 2026 1829 2073 receiving

366 2082 431 2117 the
451 2083 530 2117 law,

440 2140 487 2173 V.
542 2143 559 2173 1
595 2139 664 2173 We
692 2143 792 2173 must
819 2139 928 2173 make
955 2150 977 2173 a
1005 2150 1108 2174 more
1136 2143 1308 2174 accurate
1335 2139 1503 2174 division.
1563 2139 1633 2174 We
1653 2150 1717 2185 say
1736 2139 1829 2175 then

365 2195 449 2230 that
474 2207 575 2230 some
601 2196 753 2230 treaties
784 2195 960 2230 establish
991 2196 1073 2230 that
1098 2196 1217 2230 which
1242 2196 1272 2230 is
1305 2196 1559 2231 conformable
1593 2200 1632 2230 to
1666 2197 1828 2231 Natural

364 2253 478 2293 Law3
516 2252 642 2287 others
673 2252 748 2286 add
779 2252 989 2297 something
1023 2256 1062 2286 to
1093 2253 1131 2287 it.

365 2320 429 2343 are
460 2313 527 2343 not
557 2308 644 2354 only
665 2309 875 2354 commonly
906 2309 1015 2343 made
1040 2309 1090 2355 by
1109 2309 1244 2344 hostile
1271 2310 1409 2354 parties
1438 2309 1576 2353 ending
1601 2320 1624 2342 a
1643 2320 1728 2350 war,
1757 2309 1827 2344 but

364 2365 543 2411 formerly
560 2377 656 2400 were
673 2365 766 2400 both
786 2366 970 2410 frequent,
986 2366 1059 2399 and
1076 2366 1115 2399 in
1131 2377 1153 2399 a
1173 2366 1313 2400 certain
1334 2377 1413 2411 way
1432 2376 1637 2411 necessary,
1656 2366 1827 2400 between

364 2422 471 2457 those
492 2422 574 2456 who
594 2422 669 2457 had
697 2422 827 2457 before
855 2422 929 2456 had
958 2422 1115 2467 nothing
1135 2426 1174 2456 to
1205 2422 1252 2456 do
1281 2422 1370 2456 with
1398 2422 1490 2456 each
1511 2421 1632 2457 other.
1691 2422 1826 2457 Which

363 2489 469 2513 arose
488 2479 588 2514 from
608 2479 693 2520 this,
715 2478 797 2513 that
817 2478 881 2513 the
902 2479 983 2512 rule
1004 2478 1047 2513 of
1065 2479 1225 2513 Natural
1245 2479 1343 2519 Law,
1364 2478 1446 2513 that
1466 2479 1572 2513 there
1592 2479 1622 2513 is
1642 2489 1665 2512 a
1684 2480 1826 2513 certain

362 2536 510 2570 natural
539 2535 782 2581 relationship
812 2546 948 2580 among
977 2546 1074 2576 men,
1099 2535 1172 2569 and
1204 2535 1287 2570 that
1313 2535 1501 2570 therefore
1529 2536 1558 2570 it
1585 2535 1616 2570 is
1646 2535 1824 2570 unlawful

361 2592 420 2626 for
440 2603 511 2627 one
531 2603 619 2626 man
638 2596 678 2627 to
704 2592 812 2626 harrn
832 2592 1000 2633 another,
1025 2603 1064 2626 as
1084 2593 1114 2626 it
1135 2603 1206 2627 was
1229 2592 1451 2627 obliterated
1470 2592 1519 2638 by
1539 2592 1678 2627 vicious
1701 2591 1825 2627 habits

361 2648 490 2684 before
511 2649 575 2684 the
596 2649 741 2695 deluge‚
771 2659 811 2683 so
831 2660 904 2683 was
925 2649 955 2683 it
975 2649 1084 2694 again
1104 2649 1202 2683 after
1222 2649 1287 2683 the
1308 2649 1462 2694 deluge:
1495 2659 1536 2683 so
1561 2648 1643 2683 that
1662 2648 1824 2694 robbery

361 2706 435 2739 and
455 2706 614 2751 plunder
635 2706 677 2740 of
693 2710 879 2751 strangers
899 2705 1056 2740 without
1085 2705 1273 2751 declaring
1302 2717 1387 2746 war,
1411 2716 1484 2740 was
1511 2705 1599 2740 held
1623 2705 1768 2739 lawful:
1799 2715 1823 2739 a

362 2761 547 2805 Scythism,
568 2774 607 2797 as
628 2762 859 2808 Epiphanius
880 2762 968 2797 calls
988 2762 1030 2797 it.

435 2822 456 2850 2
487 2818 614 2853 Hence
635 2830 688 2853 we
712 2819 805 2853 have
826 2819 908 2853 that
932 2820 1101 2864 question
1122 2819 1160 2853 in
1181 2819 1333 2861 Homer,
1353 2818 1427 2853 Are
1448 2829 1493 2864 ye
1517 2817 1682 2852 Pirates?
1707 2817 1822 2852 asked

360 2883 400 2906 as
425 2884 472 2906 an
492 2873 707 2909 inoffensive
727 2876 884 2922 inquii-y,
915 2887 954 2909 as
984 2876 1218 2921 Thucydides
1235 2876 1395 2910 notices:
1428 2875 1502 2909 and
1527 2874 1567 2907 in
1595 2885 1644 2908 an
1668 2873 1731 2908 old
1752 2873 1822 2908 law

360 2929 403 2963 of
425 2928 539 2964 Solon
567 2929 672 2965 there
699 2942 762 2966 are
793 2932 1008 2968 mentioned
1040 2933 1251 2978 companies
1278 2932 1321 2967 of
1344 2930 1611 2973 Freebooters3
1641 2931 1752 2972 since,
1780 2941 1821 2966 as

1194 2253 1361 2287 Treaties
1393 2253 1435 2287 of
1467 2253 1531 2287 the
1561 2252 1702 2286 former
1735 2252 1827 2287 kind
1889 2300 1892 2301 ⁷

2003 2842 2015 2879 *Ἀ
2006 2812 2013 2833 '⁴-
2004 2652 2018 2793 ’.ἱκ-ιῢῑότα
2009 2625 2017 2643 ν-
