2018 3204
99 322 182 350 Idem,
196 322 250 346 eod.

100 352 159 376 Lib.
173 360 196 376 c.
210 352 231 379 7.

106 1176 165 1231 Seni
179 1174 211 1197 de
225 1174 304 1197 Clem.

104 1211 131 1228 11.
163 1223 168 1228 .

317 198 400 239 284

909 201 977 234 DE
1008 198 1190 233 POENIS.

1611 198 1709 244 [Lm.
1728 198 1779 233 11.

317 308 395 350 hoc
424 306 687 363 praecipuum,
721 302 828 359 quod
862 307 903 343 et
926 302 980 343 ad
1012 301 1092 342 alia
1124 299 1268 342 similla
1296 299 1463 342 extendi
1492 304 1649 356 potest:
1686 315 1782 342 cum

318 390 385 417 res
408 373 704 414 honestissima
728 371 786 411 sit
809 369 968 423 referre
997 368 1194 422 ,qratiam
1213 382 1225 407 .·
1261 367 1418 408 desinit
1440 367 1614 408 honesta
1637 381 1722 408 esse
1744 367 1784 407 si

317 440 561 482 necessaria
585 445 657 486 est,
690 435 731 476 id
755 440 829 482 est,
866 432 1094 474 honestatis
1125 432 1301 489 gradum
1325 431 1590 472 excellentem
1616 430 1782 479 amittit,

319 505 429 560 quod
449 501 662 557 sequentia
684 499 887 541 indicant:
920 513 1006 540 non
1031 499 1143 540 enim
1165 499 1306 552 massis
1331 498 1533 538 laudabit
1556 499 1785 552 quisquam

314 578 490 624 qrammi
525 568 748 615 hominem,
786 580 916 620 quam
951 579 1044 606 eum
1080 565 1156 619 qui
1191 565 1427 619 depositum
1463 563 1670 611 reddidit,
1707 570 1786 603 aut

319 635 430 688 quod
458 634 634 675 debebat
658 633 773 674 citra
794 631 1011 684 judicium
1035 630 1175 671 solvit.

318 715 384 741 res
405 707 580 753 gyratam
605 713 704 746 esse,
730 698 842 738 anisi
867 704 1004 737 tatum
1029 703 1087 737 est
1111 696 1330 749 inssratum
1345 696 1503 749 fuisse.

1240 630 1365 670 Mox:
1404 643 1488 670 non
1517 636 1576 670 est
1594 628 1786 682 yloriosa

1561 692 1710 748 Aptari
1732 693 1787 734 ad

318 764 439 821 hujus
463 763 625 820 generis
652 762 748 804 vitia
773 767 908 817 potest
931 760 1031 801 illud
1057 761 1222 802 Senecae
1245 760 1373 816 patris
1396 760 1438 800 in
1472 758 1786 801 controversiis:

320 826 417 886 beqo
441 845 558 871 reum
582 844 665 871 non
691 829 872 870 laudari
895 828 1100 874 desidero,
1125 827 1198 868 sed
1223 827 1401 867 absolvi,

422 897 541 937 XXI.

326 962 427 1004 dare
451 961 573 1002 liceat
606 960 824 1001 interdum.

615 893 810 949 Sequitur
834 893 935 934 illud
959 898 1195 940 tractemus,
1218 906 1271 932 an
1294 891 1506 948 ignoscere
1530 895 1603 932 aut
1624 889 1786 932 veniam

895 959 1089 1015 ⁰Ncgant
1119 956 1226 998 enim
1260 956 1398 1006 Stoici,
1423 962 1469 998 ut
1496 956 1635 998 videre
1664 961 1726 997 est
1748 954 1792 996 in

327 1028 563 1084 fragmento
598 1025 707 1081 apud
742 1025 964 1073 Stobaeum,
1001 1024 1119 1065 titulo
1156 1023 1207 1064 de
1243 1021 1503 1079 magistratu,
1529 1022 1571 1062 in
1606 1021 1792 1063 oratione

325 1093 446 1134 Tullii
472 1107 546 1148 pro
582 1093 771 1140 Murena,
798 1097 839 1132 et
863 1090 903 1130 in
939 1090 1018 1130 fine
1046 1089 1244 1130 librorum
1275 1089 1440 1130 Senecae
1464 1089 1515 1129 de
1537 1088 1789 1138 Clementia,

325 1159 397 1200 sed
435 1158 515 1199 levi
553 1163 810 1214 argumento.

325 1291 428 1331 latet
451 1289 493 1330 in
517 1289 587 1329 illa
608 1302 706 1329 voce
731 1289 896 1329 debitoe.

894 1157 1042 1204 Venia,
1079 1155 1206 1204 aiunt,
1241 1156 1394 1196 debitae
1420 1169 1558 1209 poeme
1597 1153 1792 1195 remissio

325 1233 415 1267 est:
451 1225 623 1279 sapiens
667 1231 810 1264 (cutem
851 1223 964 1277 quod
992 1223 1147 1276 facere
1194 1221 1313 1262 debet
1345 1221 1481 1274 facit.

967 1287 1074 1327 Nam
1100 1286 1132 1326 si
1157 1285 1364 1342 intelligas
1394 1300 1486 1326 eum
1512 1284 1581 1340 qui
1606 1283 1792 1340 peccavit

1554 1219 1637 1260 Hic
1675 1218 1790 1259 fraus

325 1369 488 1412 poenam
527 1354 693 1403 debere,
738 1352 780 1394 id
824 1358 886 1393 est
925 1351 1010 1393 sine
1051 1351 1202 1408 injuria
1240 1350 1377 1407 puniri
1413 1365 1544 1407 posse,
1581 1349 1669 1406 J'am
1710 1363 1792 1390 non

384 1477 397 1490 a
417 1470 494 1499 Nisi
521 1472 617 1499 tntum
644 1472 687 1498 est
723 1470 879 1507 itzyratztm
903 1467 1024 1506 faisse]

326 1520 415 1549 Idem
440 1520 560 1548 Seneca
583 1519 619 1547 de
641 1517 809 1555 Beneficiis
832 1526 854 1546 1.
878 1526 904 1545 c.
921 1517 941 1545 i.
972 1517 1027 1545 Ita

326 1570 443 1598 demum
457 1572 545 1606 turpe
565 1572 609 1597 est
629 1577 688 1596 non
707 1567 834 1596 reddere
856 1566 1027 1604 (beneficia

327 1619 458 1657 nempe)
477 1619 506 1647 si
520 1622 547 1647 et
563 1619 643 1647 licet.
686 1617 782 1646 Pater
807 1616 927 1645 Seneca
952 1625 1026 1644 con-

326 1669 550 1698 troversiarum
567 1678 597 1698 v.
614 1670 664 1698 34.
697 1667 791 1696 Dicis
806 1668 892 1703 mihi,
907 1667 1025 1704 hocfa-

328 1728 395 1748 cere
409 1729 469 1747 non
484 1722 624 1756 oportet,·
647 1718 718 1746 hnic·
733 1718 779 1745 rei
793 1716 955 1746 estimatio
971 1716 1027 1744 im-

328 1777 431 1797 mensa
445 1771 498 1802 est,
509 1768 613 1805 itaque
627 1767 715 1795 nulla
730 1765 868 1794 vindicta
883 1768 935 1794 est.
958 1765 1027 1793 Au-

329 1817 475 1855 gustinus
499 1816 568 1845 Lib.
596 1825 632 1844 11.
658 1826 684 1844 e.
707 1817 755 1844 83.
783 1817 894 1842 contra
919 1813 1027 1841 Petili-

329 1875 441 1894 anum:
461 1866 505 1893 sic
520 1865 618 1903 iqitm·
628 1864 711 1902 quod
725 1864 873 1892 adversus
882 1873 934 1891 vos
949 1863 1028 1900 leqes

330 1915 494 1944 constituta
515 1917 594 1949 sunt,
620 1923 680 1941 non
701 1914 745 1941 eis
765 1913 836 1941 hene
850 1913 963 1950 fiteere
978 1922 1028 1940 co-

331 1964 450 2002 qimini‚
478 1963 533 1992 sed
565 1963 645 1991 male
668 1962 783 1999 facere
808 1962 1028 1999 prohibemini.

1096 1467 1130 1506 [ἓ
1142 1468 1207 1496 184.
1230 1465 1733 1504 Edit.Beneclictin.ubilegitur:
1757 1465 1794 1495 Si

1096 1526 1160 1555 quae
1183 1516 1280 1554 iqitur
1301 1515 1450 1544 adversus
1475 1514 1532 1544 &c.
1576 1515 1637 1543 Sed
1659 1517 1691 1543 et
1706 1514 1794 1547 loeus

1097 1575 1159 1594 non
1174 1565 1298 1593 videtur
1312 1567 1397 1593 recte
1412 1564 1473 1592 huc
1488 1563 1601 1601 aptari.
1642 1563 1677 1592 J.
1694 1563 1752 1600 B.]

1154 1614 1167 1634 b
1188 1614 1260 1652 qu
1288 1623 1373 1642 reum
1400 1622 1460 1641 non
1488 1613 1618 1642 laudari
1644 1612 1796 1648 desidero,

1096 1665 1151 1694 sed
1164 1664 1298 1701 absolvi]
1323 1664 1381 1692 Est
1396 1664 1455 1692 hoc
1469 1671 1502 1692 V.
1519 1666 1621 1693 contr.
1632 1664 1680 1692 33.
1696 1662 1796 1691 simile

1096 1716 1177 1744 libro
1197 1723 1242 1743 ιν.
1265 1713 1477 1742 controversia
1499 1714 1547 1742 25.
1588 1712 1663 1742 ,Non
1688 1721 1797 1750 spera-

1097 1774 1173 1800 mus,
1188 1767 1220 1792 ut
1230 1763 1341 1801 probet
1356 1762 1581 1800 [Flamininum
1594 1761 1729 1800 Judex]‚
1744 1761 1799 1790 sed

1098 1817 1130 1841 ut
1159 1813 1306 1841 dimittat.
1356 1812 1399 1840 Et
1434 1812 1465 1840 in
1495 1811 1665 1850 Excerptis
1692 1819 1738 1840 vi.
1767 1812 1796 1839 8.

1098 1863 1234 1891 Multum
1264 1863 1387 1891 interest
1422 1861 1573 1900 objurges,
1603 1871 1644 1890 αη
1666 1861 1795 1899 punias.

1099 1913 1179 1940 Sunt
1195 1912 1277 1940 enim
1293 1911 1436 1949 quaedam
1456 1914 1493 1939 ut
1509 1911 1641 1940 Cimone
1661 1910 1706 1938 ait
1722 1910 1798 1938 Plu-

1098 1962 1246 1990 tarchus:
1282 1960 1493 1998 ἐλλείμματα
1520 1960 1652 1998 μᾶλλον
1677 1959 1798 1997 ἀρετῆς

331 2125 420 2160 with
448 2125 655 2170 impunity;
681 2125 755 2158 and
781 2125 881 2170 gives
918 2136 1030 2170 many
1062 2135 1212 2159 reasons
1243 2123 1324 2169 why
1353 2124 1382 2157 it
1419 2122 1534 2168 ought
1565 2126 1633 2157 not
1664 2119 1718 2167 [to
1749 2122 1798 2157 be

330 2180 553 2228 punished];
584 2182 651 2215 but
678 2181 751 2216 this
772 2193 811 2216 as
838 2181 903 2215 the
927 2181 1108 2226 principal
1127 2192 1209 2222 one,
1239 2180 1359 2214 which
1388 2191 1473 2225 may
1489 2180 1536 2214 be
1554 2180 1738 2214 extended
1758 2183 1797 2214 to

333 2239 440 2274 other
473 2239 546 2272 like
578 2249 704 2272 cases:
739 2238 842 2272 Since
870 2239 1051 2283 qratitude
1075 2239 1104 2272 is
1127 2250 1149 2271 a
1183 2244 1271 2271 most
1299 2237 1464 2283 yraceful
1493 2237 1603 2281 thmy,
1636 2237 1674 2283 if
1698 2237 1725 2270 it
1759 2237 1797 2270 be

331 2307 511 2340 necessary
528 2296 555 2329 it
572 2307 680 2329 ceases
702 2301 734 2329 to
756 2296 792 2329 be
810 2296 997 2342 yracqfal:
1028 2294 1112 2329 that
1142 2295 1184 2335 is,
1210 2294 1240 2328 it
1260 2294 1355 2328 loses
1373 2294 1420 2327 its
1441 2293 1577 2338 degree
1608 2293 1651 2327 of
1667 2303 1797 2338 grace-

332 2352 482 2393 fulness,
499 2363 538 2386 as
562 2363 718 2397 appears
738 2352 788 2397 by
809 2351 906 2386 what
933 2352 1094 2386 follows:
1133 2352 1195 2385 W'e
1215 2351 1337 2396 praise
1362 2363 1385 2384 a
1410 2350 1571 2396 yrateful
1601 2361 1688 2383 man
1714 2350 1799 2394 only

333 2421 373 2444 as
390 2421 452 2443 one
480 2410 555 2442 who
576 2415 718 2442 returns
738 2421 761 2442 a
783 2409 913 2454 deposit
931 2421 972 2442 or
993 2420 1087 2454 pays·
1108 2420 1131 2442 a
1160 2409 1237 2442 debt
1263 2408 1409 2441 without
1431 2407 1530 2451 being]
1542 2406 1692 2453 forced:
1725 2405 1798 2439 and

333 2467 452 2511 again,
480 2467 517 2499 It
542 2466 645 2499 could
664 2472 723 2499 azot
744 2467 779 2499 be
800 2478 823 2499 a
841 2466 998 2510 ylorz'ous
1019 2466 1118 2510 thinq
1139 2471 1172 2499 to
1194 2466 1229 2498 be
1247 2464 1408 2509 yratefal
1428 2469 1543 2508 except
1563 2463 1590 2496 it
1614 2474 1703 2496 were
1721 2463 1799 2507 saje

334 2528 367 2556 to
389 2524 425 2556 be
446 2522 667 2567 unqrateful.

720 2522 769 2555 As
793 2522 935 2556 Seneca
960 2521 1024 2556 the
1045 2521 1170 2556 father
1194 2532 1286 2566 says,
1314 2522 1340 2554 I
1367 2521 1410 2554 do
1442 2526 1501 2553 not
1529 2525 1628 2553 want
1656 2525 1689 2553 to
1715 2520 1800 2553 have

334 2575 446 2622 [such]
469 2591 492 2612 a
508 2590 637 2624 person
649 2578 799 2623 praised
813 2579 889 2612 who
907 2579 936 2612 is
956 2579 1109 2617 accused,
1129 2579 1188 2612 but
1206 2583 1238 2611 to
1259 2578 1344 2611 have
1361 2577 1432 2610 him
1450 2576 1635 2621 acquitted.

407 2636 516 2669 XXI.

574 2635 641 2669 We
659 2639 756 2669 must
777 2646 858 2669 now
887 2635 1026 2669 discuss
1051 2634 1217 2668 whether
1236 2634 1266 2668 it
1286 2634 1316 2668 is
1339 2645 1425 2668 ever
1451 2632 1576 2666 lawful
1602 2636 1642 2666 to
1668 2642 1800 2666 excuse

335 2702 377 2725 or
393 2692 557 2737 pardon:
586 2691 666 2725 The
689 2691 808 2726 Stoics
826 2691 961 2725 denied
978 2692 1018 2732 it,
1046 2691 1114 2725 but
1134 2690 1223 2724 with
1244 2702 1266 2724 a
1286 2701 1379 2736 poor
1401 2692 1617 2734 argument:
1648 2689 1800 2722 Pardon

335 2748 364 2781 is
382 2749 433 2782 the
464 2749 646 2782 remission
667 2749 749 2793 osa
771 2749 837 2782 dae
862 2749 1022 2793 penalty,
1055 2749 1115 2782 but
1142 2749 1194 2781 the
1225 2748 1304 2781 wise
1333 2758 1420 2780 man
1444 2746 1522 2780 does
1547 2746 1643 2779 what
1667 2745 1697 2778 is
1719 2745 1796 2778 due.

335 2804 436 2838 Here
454 2804 517 2838 the
533 2804 669 2850 fallacy
694 2805 778 2839 isin
799 2804 864 2839 the
890 2805 990 2838 word
1012 2805 1086 2838 (lue.
1137 2805 1212 2838 For
1237 2804 1270 2837 if
1291 2814 1364 2849 you
1393 2801 1622 2836 understand
1649 2800 1731 2835 that
1750 2800 1799 2834 he

336 2858 416 2892 who
434 2859 498 2893 has
516 2861 766 2905 transgressed
788 2872 881 2895 owes
900 2861 963 2895 the
981 2861 1143 2906 penalty,
1164 2860 1247 2894 that
1267 2860 1308 2901 is,
1328 2870 1412 2905 may
1429 2859 1476 2893 be
1493 2857 1677 2904 punished
1694 2855 1798 2890 with-

337 2918 402 2948 out
423 2926 557 2960 wrong,
584 2917 613 2950 it
634 2918 706 2950 will
724 2921 789 2951 not
814 2918 937 2952 follow
960 2917 1040 2951 that
1061 2917 1108 2951 he
1130 2917 1210 2950 who
1233 2916 1321 2951 does
1348 2919 1415 2950 not
1432 2914 1567 2960 punish
1591 2913 1680 2954 him,
1709 2912 1797 2946 does
