2018 3204
137 652 176 675 Dc
188 652 262 675 Han.

137 683 213 705 (fons.
229 689 252 705 v.
266 682 319 705 224.

135 713 193 737 Lib.
209 712 242 736 vi.
258 713 294 736 13.

138 776 178 799 De
192 775 260 806 Offic.
274 774 290 798 i.
304 775 327 803 7.

135 905 205 935 offic.
218 904 236 928 i.
248 904 288 929 28.

125 1702 161 1725 In
175 1702 277 1726 Criton.

126 1739 151 1762 p.
166 1733 196 1756 49
208 1738 235 1756 Β.

356 191 438 232 Ξῖϋ
949 194 1015 227 DE
1046 192 1229 227 POENIS.
1650 190 1744 234 [Lm.
1765 193 1814 228 Π.

356 304 535 352 domine,
574 304 733 344 ultione
766 303 818 343 de
856 301 1047 348 inimico,
1088 314 1192 341 nam
1222 302 1300 341 ‘¹6oe
1332 299 1474 340 sacris
1511 299 1669 353 leqibus
1698 300 1816 341 didi-

356 371 493 412 cimus
529 369 746 410 hominum
778 366 985 408 misereri.
1052 365 1108 407 Et
1132 365 1212 406 huc
1236 363 1416 421 pertinet
1440 364 1549 420 quod
1575 364 1766 407 Christus
1791 379 1818 407 a

355 435 472 476 nobis
511 433 746 475 indistincte
783 431 923 488 exigit,
964 436 1011 473 ut
1048 431 1234 472 omnibus
1271 430 1528 472 remittamus
1564 430 1635 486 qui
1669 429 1712 472 in
1740 445 1815 472 nos

356 500 627 555 deliquerunt.
699 498 851 540 Matth.
875 497 926 539 vi.
951 498 1020 547 14,
1043 498 1112 547 15,
1135 496 1178 538 id
1201 502 1276 546 est,
1302 497 1354 538 ob
1379 511 1542 538 sensum
1565 496 1660 538 mali
1683 496 1814 539 nostri

356 566 507 607 malum
541 564 619 606 illis
649 579 724 606 nec
755 578 1033 620 procuremus,
1070 578 1144 604 nec
1179 568 1394 619 optemus:
1428 577 1523 604 nam
1545 562 1587 604 id
1608 562 1678 618 qui
1700 562 1812 613 facit,

355 637 402 673 ut
426 646 516 672 cum
543 630 767 672 Claudiano
791 630 951 685 loquar,
962 632 1092 685 ferus
1116 637 1189 681 est,
1217 631 1432 684 lequmque
1451 630 1624 671 videtur
1645 630 1814 672 vindic-

357 705 445 739 tam
462 705 678 752 praestare
701 698 797 739 sibi.
854 696 988 746 Quam
1013 696 1064 737 ob
1089 710 1251 737 causam
1276 695 1514 737 Lactantius
1537 694 1690 737 dictum
1712 694 1814 737 illud

357 763 564 806 Ciceronis
587 777 933 804 commemorans:
960 762 1152 817 jzcstitiae
1173 763 1368 817 primum
1391 776 1546 803 munus
1570 770 1642 811 est,
1667 776 1718 804 ne
1741 763 1814 804 cui
1846 803 1848 805 ,

353 838 502 872 noceat
533 831 621 872 nisi
657 830 879 871 lacessitus
913 830 1095 881 injuria,
1128 828 1187 870 ait
1221 820 1442 884 simplicem
1466 841 1690 883 veramque
1723 842 1814 869 sen-

353 896 525 938 tentiam
561 896 734 937 duorum
764 895 985 937 verborum
1017 894 1246 950 adjectione
1268 899 1530 949 corruptam:
1569 899 1612 935 et
1635 893 1814 936 Ambro-

352 962 434 1004 sius
469 962 577 1004 idem
614 961 715 1003 illud
750 961 958 1003 Ciceronis
991 960 1144 1003 dictum
1184 974 1333 1003 vacare
1368 959 1427 1002 ait
1463 959 1684 1017 Evangelii
1720 974 1814 1002 auc-

351 1028 531 1071 toritate.

453 1097 478 1136 6
529 1093 640 1145 Quid
663 1099 800 1136 autem
825 1093 876 1135 de
899 1093 1053 1135 ultione
1076 1093 1269 1142 dicemus,
1294 1107 1376 1134 non
1405 1097 1605 1148 quatenus
1625 1091 1813 1149 praeteri-

350 1166 437 1203 tum
469 1160 649 1217 respicit,
679 1160 752 1202 sed
787 1165 988 1216 quatenus
1010 1159 1051 1200 in
1075 1159 1260 1201 futurum
1284 1164 1403 1201 cavet
1418 1159 1440 1200 ἱ)
1511 1159 1620 1200 Sane
1641 1164 1683 1201 et
1706 1159 1812 1201 hanc

350 1227 571 1268 condonari
601 1226 689 1268 vult
720 1226 921 1275 Christus,
953 1225 1130 1281 primum
1155 1225 1213 1266 rsi
1243 1225 1313 1281 qui
1343 1239 1416 1266 nos
1444 1224 1550 1266 laesit
1579 1225 1812 1267 testimonia

349 1292 579 1348 probabilia
600 1292 671 1334 det
693 1291 930 1348 poenitentis
956 1291 1092 1341 animi,
1120 1291 1244 1333 Lucae
1269 1290 1368 1333 xvii.
1389 1292 1441 1340 33
1477 1290 1630 1346 Ephes.
1651 1291 1705 1333 iv.
1725 1293 1807 1342 323

351 1358 503 1400 Coloss.
540 1358 594 1400 iii.
634 1359 702 1407 13,
742 1358 889 1413 quibus
922 1357 1020 1399 locis
1052 1358 1104 1399 de
1141 1357 1324 1413 pleniore
1357 1357 1535 1412 quadam
1572 1357 1810 1400 remissione

346 1424 497 1481 agitur,
523 1423 567 1466 id
591 1429 666 1474 est,
691 1438 783 1479 quae
808 1423 932 1465 etiam
955 1423 998 1465 in
1023 1423 1092 1479 jus
1114 1423 1265 1465 veteris
1289 1422 1477 1465 amicitiae
1497 1423 1692 1466 restituat
1716 1438 1809 1466 eum

346 1490 417 1546 qui
457 1489 666 1546 peccavit3
704 1489 814 1531 unde
855 1489 1052 1545 sequitur,
1080 1495 1127 1531 ut
1167 1488 1269 1530 nihil
1308 1489 1360 1530 ab
1397 1503 1444 1530 eo
1479 1503 1615 1544 poenae
1647 1489 1810 1531 nomine

346 1556 457 1613 exigi
480 1556 640 1598 debeat.
710 1556 924 1597 Praeterea
946 1555 1106 1597 etiamsi
1130 1555 1266 1597 absint
1288 1554 1383 1597 talis
1407 1554 1661 1610 poenitentiae
1677 1555 1808 1613 signa,

347 1623 539 1664 damnum
564 1623 666 1664 haut
689 1621 857 1663 nimium
881 1636 1010 1678 grave
1031 1621 1199 1678 insuper
1223 1621 1458 1663 habendum
1484 1620 1672 1663 Christus
1705 1636 1810 1678 prae-

347 1695 464 1745 cepto
499 1688 754 1731 dimittendae
791 1687 940 1730 tunicae
983 1688 1113 1730 docet.
1187 1686 1298 1738 Quin
1339 1693 1382 1729 et
1421 1687 1541 1729 Plato
1581 1687 1686 1731 dixit
1727 1702 1811 1730 non

403 1813 417 1834 (ι
436 1807 492 1836 Ex
506 1808 608 1837 sacris
627 1808 744 1846 leqibus
759 1807 925 1837 didicimus
942 1808 1039 1837 homi-
1111 1806 1128 1845 ἓ
1144 1806 1171 1836 7.

343 1866 414 1885 num
434 1857 588 1895 misereri]
612 1857 694 1886 Vide
711 1857 876 1894 Originem
892 1857 1042 1886 adversus
1168 1861 1180 1876 Β
1199 1855 1277 1885 Hoec
1291 1855 1370 1885 enim
1383 1858 1427 1884 est
1440 1855 1546 1894 simpli
1564 1857 1716 1886 restitutio
1730 1857 1812 1887 nihil

349 1907 480 1937 Celsum.
523 1907 606 1943 (Lib.
623 1915 683 1935 vn.
700 1915 776 1944 pag.
794 1907 878 1943 348.)
1108 1905 1230 1943 poenale
1253 1904 1423 1944 continens]
1453 1905 1522 1935 Lex
1542 1906 1810 1946 Wisigotthorum

402 1961 414 1976 ¹·
437 1955 474 1984 Si
488 1956 542 1994 qui
556 1965 611 1984 nos
629 1955 710 1984 lcesz‘t
731 1955 905 1983 testimonia
920 1955 1042 1992 proba-
1110 1964 1157 1985 VI.
1172 1957 1202 1990 4,
1217 1957 1245 1984 3.

343 2007 422 2036 bilia
436 2007 486 2035 det
497 2007 674 2044 paenitentis
687 2005 799 2042 animi]
821 2005 903 2035 Vide
919 2006 1041 2034 Mosem
1171 2007 1180 2025 ῑ
1200 2005 1426 2034 Pecuniariam
1445 2005 1606 2044 mulctam]
1628 2007 1711 2036 Vide
1731 2016 1810 2036 eun-

344 2056 570 2086 Maimonidem
601 2056 733 2084 citatum
759 2056 800 2083 ab
831 2054 1042 2084 eruditissimo
1111 2055 1182 2084 dem
1200 2055 1445 2084 Constantinum
1461 2055 1491 2085 d.
1507 2065 1576 2093 cap.
1594 2065 1668 2086 vnl.
1685 2056 1703 2095 ἓ
1720 2058 1750 2086 1.

345 2106 556 2136 Constantino
570 2106 651 2135 libro
667 2106 706 2135 de
721 2105 836 2134 damno
851 2105 927 2134 dato
942 2114 968 2133 c.
979 2104 1042 2134 viii.
1169 2109 1184 2125 ¹¹
1205 2104 1354 2133 Dii-orzio
1376 2112 1409 2133 se
1431 2104 1567 2134 liberare
1589 2105 1715 2144 maluit]
1739 2106 1808 2135 Au-

343 2271 445 2313 tend,
465 2270 571 2306 when
591 2270 640 2306 he
667 2271 809 2316 enjoins
837 2270 1064 2316 forgiveness
1094 2270 1138 2305 of
1166 2270 1329 2315 injuries.
1388 2269 1457 2303 We
1484 2279 1548 2303 are
1569 2272 1638 2305 not
1660 2273 1700 2304 to
1720 2280 1806 2315 pro-

343 2340 431 2363 cure
461 2339 504 2363 or
524 2327 613 2362 wish
634 2328 673 2362 ill
694 2332 733 2362 to
754 2339 841 2362 men
861 2328 960 2362 from
984 2327 1049 2362 the
1080 2327 1221 2372 feeling
1248 2326 1291 2360 of
1314 2325 1378 2360 the
1404 2326 1445 2360 ill
1465 2325 1584 2360 which
1604 2326 1693 2372 they
1713 2326 1807 2361 have

342 2386 439 2420 done
470 2396 523 2420 us.
586 2385 636 2420 So
671 2385 873 2420 Claudian:
913 2385 987 2419 and
1019 2395 1059 2419 so
1091 2383 1309 2419 Lactantius
1340 2383 1415 2418 and
1446 2382 1628 2418 Ambrose
1663 2387 1808 2419 correct

342 2443 482 2478 Cicero.

412 2502 433 2534 6
470 2499 545 2533 But
566 2498 663 2533 what
683 2510 747 2533 are
768 2509 822 2533 we
841 2501 881 2533 to
902 2509 967 2544 say
984 2498 1027 2533 of
1043 2509 1214 2543 revenge,
1235 2508 1273 2532 as
1294 2497 1324 2531 it
1345 2501 1520 2542 respects,
1540 2500 1607 2532 not
1626 2496 1691 2532 the
1711 2500 1805 2543 past,

340 2557 409 2591 but
438 2556 648 2602 protection
677 2556 736 2590 for
759 2555 824 2590 the
853 2555 1006 2590 future?
1055 2555 1156 2590 Here
1181 2555 1257 2590 also
1284 2553 1408 2588 Christ
1433 2555 1574 2599 enjoins
1599 2565 1642 2588 us
1667 2558 1706 2588 to
1730 2553 1805 2588 for-

340 2614 434 2659 give,
464 2613 498 2646 if
523 2612 570 2647 he
595 2612 676 2647 who
701 2612 767 2647 has
792 2612 938 2656 injured
964 2623 1006 2646 us
1041 2611 1157 2646 shews
1182 2623 1255 2657 any
1279 2611 1377 2655 signs
1403 2611 1446 2645 of
1475 2612 1691 2656 penitence3
1727 2607 1804 2655 [see

341 2670 406 2704 the
426 2680 598 2715 passages
611 2666 634 2713 ς]
664 2670 703 2702 in
728 2669 847 2703 which
872 2668 919 2703 he
940 2669 1072 2715 speaks
1094 2669 1136 2703 of
1163 2680 1185 2702 a
1209 2669 1365 2714 plenary
1387 2668 1582 2702 remission
1607 2667 1650 2702 of
1670 2667 1803 2713 injury,

340 2726 460 2760 which
491 2737 576 2771 may
606 2731 747 2761 restore
778 2725 843 2760 the
880 2726 1047 2761 offender
1083 2729 1122 2760 to
1153 2725 1210 2760 his
1235 2725 1376 2759 former
1404 2724 1510 2770 place
1540 2725 1578 2758 in
1609 2735 1678 2758 our
1705 2723 1803 2769 good

341 2784 437 2823 will;
477 2783 628 2818 whence
653 2783 682 2817 it
707 2794 863 2828 appears
888 2783 972 2817 that
1001 2782 1160 2828 nothing
1189 2783 1218 2817 is
1249 2786 1289 2816 to
1314 2781 1361 2815 be
1391 2781 1565 2826 required
1590 2781 1633 2815 of
1657 2780 1735 2814 him
1764 2780 1803 2814 in

341 2838 406 2873 the
436 2850 514 2884 way
545 2840 587 2873 of
623 2840 874 2885 punishment.
937 2840 1021 2874 And
1047 2850 1139 2874 even
1165 2839 1198 2872 if
1228 2839 1326 2884 signs
1352 2837 1395 2872 of
1416 2838 1506 2873 such
1530 2838 1726 2884 penitence
1755 2836 1802 2870 be

342 2895 514 2940 wanting,
551 2907 604 2930 we
643 2908 707 2931 are
736 2900 802 2931 not
832 2901 872 2931 to
902 2896 989 2932 take
1027 2896 1056 2931 it
1087 2900 1151 2931 too
1181 2895 1358 2941 severely,
1384 2906 1422 2929 as
1459 2895 1523 2929 the
1560 2896 1724 2939 precept,
1763 2891 1806 2926 Of

341 2951 466 2996 giving
491 2962 559 2986 our
583 2956 666 2987 coat
697 2953 786 2995 also,
816 2952 944 2988 shews.
1007 2953 1093 2988 And
1125 2963 1220 2988 even
1252 2952 1361 2986 Plato
1387 2951 1466 2986 said
1491 2950 1702 2994 something
1727 2948 1802 2983 like
