2018 3204
637 173 704 207 DE
737 173 914 209 OAUSIS
947 172 1189 209 INJUSTIS.
1563 172 1645 212 393

183 173 273 208 CAr.
294 172 442 216 XXII]

281 285 309 325 4
356 284 429 325 An
458 295 557 325 vero
581 296 702 340 reges
726 282 802 338 ipsi
825 282 875 324 iis
899 282 968 338 qui
995 282 1269 326 Christianam
1287 283 1527 341 religionem
1548 285 1643 341 reji-

180 348 304 398 ciunt,
336 363 452 390 arma
475 348 591 404 quasi
617 363 748 404 poenae
777 348 939 389 nomine
970 348 1123 390 inferre
1153 349 1320 405 possint,
1354 365 1479 406 supra
1509 351 1643 407 capite

180 414 233 456 de
263 414 391 470 poenis
413 428 438 455 a
461 413 576 455 nobis
600 413 855 468 disquisitum
880 418 942 454 est
967 419 1164 468 quantum
1188 415 1375 457 instituto
1399 416 1554 458 sufficit.

277 480 372 521 XV.
442 480 532 520 Hoc
564 493 725 534 quoque
759 478 931 519 monebo
963 493 1045 519 non
1073 479 1240 529 frustra,
1266 481 1338 522 sed
1367 481 1461 536 quia
1494 481 1645 523 veteri-

178 544 255 586 bus
285 543 466 586 recentia
489 543 703 584 conferens
726 557 922 600 magnum
947 543 1110 593 malum,
1133 545 1175 585 ni
1193 552 1401 596 caveatur,
1418 546 1642 602 praevideo,

170 609 326 665 justam
369 608 464 650 belli
503 623 667 650 causa-m
702 622 784 649 non
821 608 922 649 dare
962 611 1101 664 yspem
1137 617 1375 666 conceptam
1412 626 1464 653 ex
1504 612 1644 668 aliqua

176 674 408 716 divinorum
440 673 724 715 vaticiniorum
749 673 1034 729 explicatione.
1100 675 1207 716 Nam
1232 682 1510 732 praeterquam
1534 677 1645 734 quod

179 741 299 796 zquzc
338 739 518 781 nondum
557 739 727 795 impleta
771 744 866 781 sunt
910 739 1076 782 oracula
1116 740 1384 798 interpretari
1420 748 1532 785 certo
1572 743 1643 785 vix

174 871 241 898 tum
258 877 328 897 cum
350 867 586 897 Roschildensis
607 867 771 905 episcopus
793 867 876 897 Wil-

175 917 296 946 helmus
323 918 363 946 ab
391 917 535 956 ingressu
563 917 701 946 ecclesiae
726 917 876 955 oppositu

173 967 276 995 baculi
291 966 456 1005 pastoralis
470 969 600 1003 arceret,
615 969 646 996 et
661 966 741 1005 regii
756 967 875 1005 capulis

173 1015 378 1043 admoverent
392 1023 530 1050 manum,
544 1015 620 1043 fecit
634 1014 718 1052 quod
736 1014 874 1052 episcopi

174 1068 254 1102 erat,
269 1069 301 1094 et
315 1066 466 1094 cervicem
482 1066 633 1103 porrexit.
657 1065 754 1104 [Vide
772 1065 875 1095 Saxo-

173 1124 239 1143 nem
257 1115 460 1144 Grammatic.
478 1114 547 1143 Lib.
558 1123 608 1144 xx.
621 1123 694 1151 pag.
708 1115 776 1149 189,
792 1113 874 1151 190]

173 1164 266 1193 Adde
279 1173 348 1202 quae
363 1173 459 1201 supra
472 1163 636 1192 habuimus
651 1163 731 1191 libro
746 1171 768 1193 1.
787 1173 811 1192 c.
827 1165 856 1192 5.

231 1218 245 1240 5
267 1213 358 1254 Spem
372 1216 547 1251 conceptam
561 1222 599 1241 ea:
620 1213 731 1251 aliqua
752 1213 874 1241 divino-

172 1273 242 1292 rum
255 1264 470 1293 vaticiniorum
489 1262 709 1301 ‹ez-plicatione]
731 1263 813 1292 Vide
835 1263 873 1291 de

174 1314 342 1343 Theodoro
371 1314 518 1352 quodam,
549 1313 694 1342 Gratiani
720 1316 874 1351 tempore,

174 1363 334 1392 Zosimum
352 1362 438 1401 (Lib.
453 1372 497 1392 iv.
510 1372 536 1392 e.
549 1362 603 1400 13)
622 1366 654 1392 et
669 1363 873 1391 Ammianum

173 1413 393 1442 Marcellinum
416 1413 499 1450 (Lib.
524 1420 628 1441 xmx.
649 1421 676 1441 c.
699 1411 729 1449 1)
752 1413 790 1440 de
815 1412 873 1441 Jo-

173 1471 255 1491 anne
284 1462 474 1500 Cappadoce
502 1462 692 1499 Procopium
727 1462 872 1490 Persico-

174 1520 243 1539 rum
259 1519 297 1540 11.
313 1512 393 1549 (cap.
416 1510 488 1547 ult.)
510 1513 542 1539 et
562 1510 788 1539 Leunelavium
807 1510 872 1539 his-

173 1561 264 1589 torioe
282 1560 417 1590 Turcicae
434 1560 503 1590 Lib.
513 1569 618 1589 xvnl.

232 1616 245 1631 z
268 1609 345 1648 Quae
359 1610 492 1638 nondum
507 1609 634 1647 impleta
652 1611 721 1638 sunt
741 1608 873 1637 oracula

174 1660 374 1697 interpretari
389 1663 469 1689 cerlo
483 1659 536 1688 vix
551 1659 698 1697 continqit
714 1659 779 1687 sine
792 1667 871 1695 pro-

167 1711 292 1748 phetico
319 1708 449 1748 spiritu]
479 1709 586 1738 Clausi
613 1708 695 1737 enim
724 1708 871 1746 obsigna-

173 1761 260 1798 tique
283 1763 357 1788 sunt
378 1759 449 1788 libri
471 1758 648 1796 prophetici
671 1758 711 1786 ad
733 1757 870 1795 praefini-

172 1813 239 1838 tum
256 1818 355 1847 usque
376 1812 513 1846 tempus,
536 1808 581 1836 ita
602 1811 637 1836 ut
657 1807 793 1844 intelligi
815 1816 871 1836 ne-

173 1862 302 1896 queant,
322 1858 463 1887 Danielis
479 1857 531 1886 xii.
548 1859 576 1893 4,
598 1858 627 1893 8,
641 1858 670 1887 9.
715 1857 868 1894 Hierony-

171 1916 241 1936 mus
262 1908 302 1936 ad
323 1907 488 1936 Danielem
512 1907 622 1945 (Tom.
639 1915 670 1935 v.
691 1914 721 1943 p.
736 1905 794 1935 606
816 1905 868 1941 Β.)

169 1957 200 1986 si
222 1958 380 1995 propheta
410 1957 532 1985 audivit
566 1959 595 1985 et
621 1965 681 1984 non
709 1955 868 1991 intelleoeit,

169 2007 247 2045 quid
257 2007 382 2044 facient
402 2007 435 2035 1ιί
455 2006 510 2044 qui
528 2006 684 2044 siqnaium
704 2005 816 2034 librum
840 2008 869 2034 et

169 2066 263 2096 usque
277 2058 321 2086 ad
340 2061 455 2095 tempus
475 2056 743 2086 consummationis
764 2056 868 2084 multis

169 2107 406 2136 obscuritatibus
446 2107 613 2135 involutum
652 2106 868 2143 prcrsnmiione

168 2157 275 2185 mentis
289 2155 486 2185 edisserunt?
512 2154 686 2192 Procopius
706 2154 867 2183 Gotlhico-

168 2215 237 2234 rum
263 2214 286 2235 1.
311 2205 398 2244 (cap.
422 2205 475 2243 24)
504 2206 572 2233 τῶν
605 2203 670 2241 ’γάρ
700 2203 867 2240 Σιβύλλης

168 2254 293 2293 λογίων
324 2255 385 2289 τήν
417 2254 557 2283 διάνοιαν
588 2253 654 2290 πρὸ
682 2253 741 2281 τοῦ
769 2252 866 2289 ἔργου

169 2302 315 2340 ἐξευρεῖν
324 2301 484 2339 ἀνθρώπῳ
500 2302 590 2338 οἶμαι
607 2300 751 2329 ἀδύνατα
769 2300 864 2328 εἶναι·

943 870 1051 900 minem
1073 880 1144 900 esse.
1187 872 1284 901 Mox:
1306 872 1416 901 ταῦτα
1437 882 1478 900 τε
1498 871 1644 902 ἀδύνατά

944 920 1037 950 ἐστιν
1051 920 1210 959 ἀνθρώπῳ
1227 921 1353 960 ὁτῳοῦν
1373 921 1440 959 πρὸ
1461 921 1523 950 τοῦ
1545 920 1644 959 ἔργου

942 970 1010 998 τῶν
1040 970 1206 1007 Σιβύλλης
1229 970 1341 1008 λόγων
1363 970 1518 1008 ξυνεῖναι,
1539 970 1577 1005 ἢν
1600 971 1645 1008 μή

943 1018 996 1047 καὶ
1022 1018 1039 1047 ὁ
1064 1018 1180 1056 χρόνος
1203 1019 1303 1048 αὐτὸς
1323 1018 1480 1056 ἐκβάντος
1502 1019 1560 1055 ἥδη
1582 1019 1644 1048 τοῦ

942 1067 1153 1105 πράγματος,
1174 1068 1228 1097 καὶ
1247 1069 1308 1097 τοῦ
1329 1068 1435 1106 λόγου
1457 1069 1501 1098 εἷς
1521 1072 1644 1107 πεῖραν

942 1115 1109 1151 ἐλθόντος,
1122 1115 1256 1154 α’κριβής
1268 1117 1328 1145 τοῦ
1341 1116 1438 1146 ἔπους
1449 1116 1643 1155 ἑρμηνευτής

942 1164 1097 1202 ’γένηται-
1117 1167 1197 1204 ficri
1223 1167 1337 1205 nequit,
1358 1170 1392 1196 nt
1412 1167 1500 1196 homo
1521 1167 1641 1205 qualis-

941 1225 1058 1255 cunque
1084 1221 1154 1247 ante
1182 1219 1296 1248 emitum
1325 1218 1484 1257 Sibyllina
1510 1220 1643 1249 oracula

940 1266 1105 1305 intelliqat,
1118 1268 1173 1297 sed
1186 1269 1434 1306 exspectandum,
1455 1269 1549 1298 donec
1570 1270 1642 1307 ipsa

941 1316 1016 1353 dies,
1031 1327 1065 1346 re
1075 1317 1146 1353 jam
1161 1322 1380 1354 consummata,
1396 1321 1423 1347 et
1438 1319 1538 1346 verbis
1552 1328 1641 1356 expe-

939 1366 1047 1395 riendo
1069 1367 1285 1404 comprobatis,
1300 1368 1456 1404 certafiat
1469 1367 1642 1397 carminum

940 1415 1100 1454 interpres.
1127 1417 1286 1453 Gregoras
1300 1417 1380 1445 libro
1393 1426 1424 1446 v.
1437 1417 1515 1446 ἀλλ’
1524 1416 1639 1456 ὥσπερ

941 1465 995 1493 καὶ
1021 1464 1135 1494 τᾶλλα
1163 1467 1231 1494 τῶν
1257 1465 1555 1503 χρησμωόουμένων
1586 1467 1640 1496 dv-

941 1512 1105 1542 σείκαστά
1141 1513 1216 1542 ἐστι
1253 1516 1307 1542 καὶ
1341 1515 1551 1552 δυο-ξύμβολα
1585 1516 1637 1545 καὶ

939 1561 1108 1591 πλείστας
1129 1562 1288 1601 δεχόμενα
1313 1564 1375 1593 τάς
1400 1564 1562 1603 ἀνελίξεις
1575 1565 1640 1601 [nal.

938 1609 1142 1649 ἀναπτύξεις
1174 1611 1290 1650 μέχρις
1319 1613 1419 1646 αὐτῆς
1453 1613 1635 1650 ἐκβάσεως·

939 1659 1042 1687 οὕτως
1054 1659 1105 1688 καὶ
1121 1660 1217 1689 οὗτος
1229 1659 1245 1688 ὁ
1262 1661 1410 1698 χρησμὸς
1419 1661 1548 1691 ἐπλάνα
1561 1663 1636 1692 τοὺς

937 1707 1131 1744 πλείστους,
1153 1709 1206 1738 καὶ
1231 1710 1333 1739 αὐτὸν
1353 1709 1391 1745 δή
1411 1711 1471 1739 τὸν
1491 1711 1636 1748 βασιλέα

939 1755 1132 1794 Ἀνδρόνικον
1145 1758 1260 1797 μέχρις
1281 1760 1382 1794 αὐτῆς
1401 1760 1573 1796 τελευτῆς,
1595 1760 1637 1789 uis·

938 1806 1116 1843 εἰρήσεται.
1139 1808 1176 1845 ἐξ
1195 1808 1377 1845 ἀνθρώπων
1397 1809 1429 1837 δὲ
1453 1810 1555 1838 αὐτοῦ
1577 1820 1635 1847 ’γε-

938 1854 1083 1892 νομένου,
1107 1856 1206 1885 αὐτὸς
1223 1856 1341 1886 ἑαυτὸν
1361 1856 1378 1886 ὁ
1401 1858 1548 1895 χρησμὸς
1570 1860 1635 1888 διε-

937 1904 1103 1942 σάφησεν·
1137 1906 1216 1935 sicut
1249 1909 1278 1935 et
1309 1906 1527 1944 praedictiones
1562 1909 1633 1938 alite

935 1954 1126 1993 dffcillimoe
1136 1955 1271 1991 conjectu
1282 1955 1543 1995 interpretatuque
1552 1961 1632 1995 simi,

935 2004 1019 2042 quod
1030 2008 1058 2034 et
1074 2005 1171 2034 multa
1185 2005 1318 2034 habeant
1338 2006 1509 2043 involucra,
1529 2011 1558 2036 ct
1577 2017 1632 2037 cx-

928 2054 1119 2091 plicationes
1143 2055 1296 2092 recipiant
1309 2056 1422 2084 multas
1436 2066 1446 2085 :
1469 2057 1515 2086 ita
1533 2061 1561 2087 et
1575 2058 1633 2088 hoc

934 2104 1094 2132 oraculum
1116 2104 1234 2141 decepit
1254 2114 1363 2142 omncs,
1387 2106 1545 2144 ipsumque
1566 2109 1632 2137 Im-

927 2155 1115 2190 peratorem,
1129 2153 1278 2190 quamdiu
1293 2153 1321 2181 ci
1334 2153 1400 2181 vita
1415 2155 1540 2185 mansit.
1580 2156 1633 2185 Eo

933 2204 1034 2229 autem
1049 2205 1150 2238 erepto
1169 2201 1259 2230 rebus
1270 2201 1422 2238 humanis,
1433 2203 1531 2241 ipsum
1541 2209 1632 2235 semet

932 2251 1093 2279 oraculum
1114 2251 1286 2279 hominibus
1304 2252 1437 2289 aperuit.
1461 2253 1557 2292 (Pag.
1580 2255 1631 2285 67.

932 2299 1022 2329 Edit.
1057 2299 1235 2337 Genea-ens.)
1278 2300 1395 2330 Cavete
1424 2303 1512 2331 vobis
1538 2304 1631 2334 nimis

933 2350 1066 2378 audaces
1081 2349 1243 2387 theologi:
1264 2353 1371 2379 cavete
1389 2352 1479 2380 vobis
1499 2361 1518 2381 a
1538 2354 1631 2383 nimis

932 2397 1102 2426 audacibus
1136 2397 1293 2435 theologis
1325 2398 1456 2436 politici.
1503 2400 1631 2440 Dignus

170 2350 392 2387 Sibyllinorum
421 2350 619 2378 oraculorum
645 2358 763 2377 sensum
796 2351 867 2377 ante

168 2400 215 2429 rci
229 2403 363 2429 eventum
377 2399 512 2428 invenire
533 2398 671 2428 existimo
691 2407 790 2435 supra
812 2398 866 2425 Ιιο-

171 2557 423 2604 Christianity,
439 2568 487 2592 on
504 2557 586 2592 that
602 2558 758 2603 ground,
777 2569 816 2593 as
834 2569 856 2592 a
872 2558 1123 2604 punishment,
1143 2571 1195 2595 we
1205 2559 1299 2596 have
1319 2561 1539 2609 sufficicntly
1556 2562 1628 2599 dis-

173 2615 303 2650 cussed
324 2615 452 2649 above.

245 2671 331 2706 XV.
384 2672 402 2705 I
420 2671 491 2705 will
508 2671 584 2705 also
601 2670 683 2716 give
700 2682 722 2705 a
741 2671 905 2717 warning
922 2675 988 2707 not
1003 2672 1244 2718 superfluous,
1259 2673 1328 2709 but
1344 2674 1513 2717 because,
1530 2687 1629 2711 com-

169 2729 302 2774 paring
319 2727 380 2762 old
405 2728 653 2773 speculations
674 2727 762 2762 with
782 2739 872 2769 neW,
894 2729 912 2762 I
936 2729 1080 2763 foresee
1106 2741 1128 2763 a
1156 2734 1262 2775 great
1292 2731 1366 2765 evil
1392 2731 1424 2765 if
1441 2732 1470 2766 it
1490 2732 1536 2767 be
1562 2738 1629 2768 not

171 2785 333 2819 avertcd.
377 2784 410 2818 A
425 2785 503 2829 just
524 2796 632 2818 cause
654 2784 696 2818 of
712 2796 785 2818 war
802 2790 937 2819 cannot
953 2785 1000 2819 be
1021 2786 1170 2820 derived
1187 2787 1284 2821 from
1302 2799 1373 2833 any
1393 2788 1630 2834 explanation

171 2841 214 2876 of
236 2841 299 2876 the
322 2841 445 2876 divine
464 2841 695 2887 prophecics.
739 2841 814 2875 For
835 2841 978 2876 besides
999 2842 1081 2876 that
1098 2843 1307 2878 unfulfilled
1324 2845 1541 2891 prophecies
1562 2858 1630 2881 can

171 2897 305 2945 hardly
329 2897 376 2934 be
402 2898 632 2945 inteiprcted
656 2897 744 2933 with
772 2898 954 2946 certainty
978 2899 1133 2935 without
1153 2899 1217 2936 the
1237 2901 1344 2948 spirit
1367 2901 1410 2937 of
1429 2903 1630 2950 prophecy,
