2018 3204
243 163 333 198 cir.
353 161 461 206 XX]
827 163 895 197 DE
927 163 1107 198 POENIS.
1620 158 1700 197 2153

245 289 375 330 quam
397 289 480 316 non
490 275 650 330 fecisse
672 276 730 317 sit
752 276 921 317 rectius.

245 340 453 390 μαίνοντα
490 337 610 401 παρὰ
647 335 762 392 δίκην
803 337 952 383 πάντα
983 338 1084 399 περὶ
1126 337 1307 387 παντός·
1340 354 1392 382 ea
1427 355 1519 395 quae
1547 341 1702 394 injuste

245 407 368 448 nobis
396 415 544 448 nocent
573 408 742 448 omnino
776 414 815 448 et
847 407 994 447 omnia
1013 407 1098 461 fas
1133 407 1332 448 occidere.
1402 406 1459 447 Et
1486 412 1597 447 certe
1621 420 1702 447 non

245 470 515 526 improbabile
538 476 600 513 est
629 472 706 513 hoc
734 485 847 513 more
872 471 1018 513 vixisse
1040 471 1148 514 viros
1170 472 1319 527 probos
1341 466 1361 492 ¹¹
1370 476 1466 513 ante
1490 471 1700 521 diluvium,

244 542 464 591 antequam
497 536 613 578 Deus
644 551 758 577 suam
793 536 1043 579 voluntatem
1083 537 1135 579 de
1170 537 1380 579 vertendis
1417 537 1458 579 in
1493 536 1701 579 hominum

245 600 439 642 alimenta
459 600 733 643 animantibus
757 601 904 644 ceteris
927 602 1185 658 prodidisset.
1255 604 1438 645 Rursus:
1471 601 1576 650 ὅκως
1602 601 1701 663 περὶ

245 661 441 709 κιναδέων
487 686 540 710 τε
582 666 651 711 καὶ
703 663 928 727 ἕρπε-τέων
977 665 1276 728 ὟεὙράφαται
1331 670 1418 712 τῶν
1467 671 1699 719 πολεμίων,

246 730 362 775 οὕτω
397 731 464 776 καὶ
496 731 592 776 κατ’
631 730 867 790 ἀνθρώπων
930 736 1019 778 οκεῖ
1053 734 1124 785 μοὶ
1162 732 1305 794 χρεών
1345 736 1451 778 εἶναι
1489 736 1699 778 σκοπεῖν·

250 800 354 846 Quce
376 813 473 841 vero
497 800 549 841 de
572 800 771 856 vulpibus
800 809 839 842 et
865 801 916 842 de
939 801 1131 842 inimicis
1152 801 1415 855 serpentibus
1438 801 1700 855 scripsimus,

245 866 391 906 eadem
419 866 466 905 in
500 866 740 907 hominibus
758 867 976 921 facienda
1008 867 1219 909 videntur.
1282 865 1388 906 Tum
1412 879 1509 906 vero
1538 864 1703 920 subjun-

245 929 334 987 git:
381 927 592 988 κιξάλλην
633 930 700 975 καὶ
735 928 905 983 λεστῆν
941 928 1088 975 πάντα
1135 931 1311 975 κτείνων
1358 950 1424 977 τις
1470 927 1611 987 α’Θῷος
1651 926 1701 974 ἂν

245 998 323 1048 ε’ίη,
360 995 425 1040 καὶ
469 994 728 1057 αὐτοχειρία
773 997 843 1040 καὶ
881 993 1063 1041 κελεύων
1103 996 1171 1039 καὶ
1208 993 1554 1057 ψήφῳ·]ἰινειη
1575 1005 1614 1038 et
1639 997 1702 1037 la-

247 1070 407 1104 tronem
448 1064 522 1118 qui
561 1078 824 1118 quocumque
869 1064 991 1104 modo
1035 1064 1251 1113 occiderit,
1295 1064 1384 1105 sive
1426 1077 1571 1111 manu,
1615 1064 1702 1105 sive

235 1128 379 1182 jussu,
404 1130 491 1171 sive
513 1131 736 1184 suffraqio,
761 1131 959 1171 innocens
987 1135 1058 1171 est.
1121 1128 1190 1170 Ad
1221 1142 1322 1184 quos
1344 1128 1453 1170 locos
1475 1128 1703 1184 respexisse

244 1193 343 1234 mihi
379 1193 542 1236 videtur
578 1195 745 1244 Seneca,
782 1209 872 1236 oum
902 1193 985 1236 ait:
1021 1209 1117 1236 cum
1152 1196 1332 1237 cervices
1362 1196 1488 1237 noxio
1513 1195 1704 1250 praecidi

243 1260 475 1315 imperabo,
501 1275 546 1303 eo
569 1262 691 1302 vultu
720 1262 944 1316 animoque
974 1275 1044 1302 ero
1068 1254 1168 1316 iquo
1191 1268 1401 1316 serpentes
1424 1268 1463 1303 et
1486 1261 1705 1302 animalia

991 275 1048 316 Et
1069 287 1190 317 mox:
1224 273 1404 318 κτείνειν
1427 271 1514 334 χρὴ
1538 271 1598 317 τοὶ
1624 295 1702 327 πη-

241 1375 406 1412 τιθέμενοι
433 1377 476 1406 τὸ
503 1378 608 1406 κακῶς
639 1380 750 1406 ποιεῖν
777 1376 872 1406 ὅσους
899 1376 940 1406 ἂν

241 1426 409 1456 δύνωνται·
432 1428 512 1457 sicut
526 1437 599 1466 erqo
614 1427 740 1465 viperas
757 1431 786 1457 et
799 1427 940 1465 scorpios

240 1479 269 1505 et
279 1486 344 1515 quae
358 1477 427 1506 alia
438 1486 547 1506 veneno
559 1480 674 1513 nocent,
683 1477 875 1516 priusquam
884 1480 939 1506 aut

240 1527 409 1564 mordeant,
428 1531 483 1556 aut
496 1527 592 1556 ullum
609 1528 642 1556 in
656 1537 710 1556 nos
724 1528 867 1565 impetum
877 1527 938 1565 fa-

240 1577 336 1614 ciant,
357 1578 462 1606 statim
475 1578 540 1607 sine
553 1587 641 1606 mora
658 1577 835 1614 occidimus,
853 1587 938 1615 proe-

241 1631 380 1657 caventes
400 1636 436 1656 ne
457 1627 536 1665 quid
555 1627 719 1665 patiamur
741 1627 818 1655 mali
840 1627 880 1656 ab
902 1636 940 1656 ea

241 1686 310 1716 quae
320 1677 353 1706 in
367 1677 446 1714 ipsis
459 1679 503 1706 est
515 1675 731 1714 maliqnz'tate;
753 1677 877 1705 eundem
896 1677 941 1706 ad

240 1727 361 1756 modum
373 1730 401 1756 et
414 1727 548 1755 homines
553 1726 666 1764 puniri
671 1735 738 1764 par
747 1730 800 1763 est,
814 1727 868 1765 qui
881 1737 938 1756 na-

241 1781 347 1807 turam
361 1776 446 1805 nacti
460 1779 657 1812 mansuetam,
672 1779 806 1814 propter
816 1776 939 1814 sontem

242 1825 376 1855 rationis
390 1835 459 1864 quoe
473 1824 518 1854 ad
531 1825 707 1854 societatem
721 1826 830 1862 trahit,
850 1826 938 1855 insti-

240 1877 315 1904 tutis
330 1875 514 1913 inferarum
527 1874 680 1903 soevitiam
692 1877 861 1910 transeunt,
875 1875 937 1904 uti-

241 1924 385 1963 litatique
397 1933 435 1953 ac
445 1924 598 1962 voluptati
611 1925 723 1953 habent
731 1934 838 1954 nocere
847 1935 940 1963 quam

234 1977 367 2013 possunt
379 1974 538 2012 plurimis.
580 1974 657 2003 Haec
675 1974 767 2003 Philo
789 1975 841 2004 De
860 1975 938 2013 Spe-

240 2023 374 2053 cialibus
397 2022 532 2061 Leqibus
562 2032 598 2052 11.
638 2022 727 2062 (pag.
751 2024 808 2054 793
832 2033 862 2054 A.
886 2024 937 2063 B.)

244 2073 396 2103 Claudius
424 2072 654 2110 Neapolitanus
681 2074 766 2111 apud
794 2073 939 2112 Porphy-

240 2123 321 2152 rium
350 2123 421 2152 Lib.
446 2132 468 2153 1.
501 2124 540 2151 de
573 2132 636 2151 non
658 2132 714 2152 esu
737 2123 937 2154 animalium:

240 2173 298 2201 οὐκ
316 2171 391 2201 ἔστι
415 2171 482 2210 ’γάρ
503 2172 597 2201 ὅστις
617 2171 691 2201 ἱόαὶν
709 2172 789 2210 ὄφιν
809 2174 865 2201 οὐκ
887 2173 939 2201 ἕκ-

238 2233 327 2251 τεινε
342 2222 522 2260 δυνάμενος,
543 2221 585 2251 αἱς
597 2221 674 2259 μήτ’
690 2222 789 2251 αὐτὸς
803 2221 936 2260 δηχθείη

239 2271 315 2309 μήτ’
338 2271 443 2301 ἄλλος
460 2271 574 2301 ἁπλῶς
591 2271 770 2310 ἅνθρωπος·
791 2281 876 2301 nemo
895 2275 940 2301 est

240 2322 294 2360 qui
316 2325 483 2360 serpentem
502 2321 561 2350 sibi
583 2325 771 2359 conspectum
791 2322 820 2350 si
838 2322 939 2359 possit

239 2381 299 2399 non
314 2371 446 2407 occidat,
464 2380 501 2400 ne
515 2374 570 2400 out
584 2371 649 2408 ipse
662 2371 702 2400 ab
716 2381 750 2400 eo
764 2372 939 2401 vulneretur

241 2424 297 2449 aut
319 2421 412 2449 alius.
454 2420 550 2459 (Pag.
566 2420 631 2459 32.)
673 2421 765 2457 Vide,
791 2421 817 2449 si
839 2424 938 2458 vacat,

240 2474 273 2499 et
287 2470 470 2509 sequentia:
498 2470 613 2499 ibidem
637 2480 700 2499 non
725 2471 826 2500 multo
848 2474 938 2509 post:

247 2520 327 2557 ὄφιν
354 2519 409 2549 καὶ
437 2519 606 2557 σκορπίον,
638 2519 699 2560 κᾷν
731 2520 774 2559 μή
802 2521 941 2550 ἐπίωσιν

321 2686 341 2718 3
377 2682 431 2718 Of
447 2682 519 2717 this
552 2683 711 2717 Natural
736 2684 823 2717 Law
853 2683 1090 2720 Democritus
1111 2686 1266 2732 spcaks3
1295 2687 1386 2729 first,
1404 2687 1447 2722 of
1462 2687 1526 2723 the
1547 2689 1646 2735 right
1666 2690 1710 2725 of

1004 1375 1094 1415 ἡμῖν,
1119 1377 1304 1415 κτείνομεν,
1325 1378 1378 1406 'lua
1400 1376 1472 1413 μηδ’
1493 1375 1599 1405 ἄλλος
1620 1375 1705 1412 πρὸς

1006 1427 1116 1456 αὐτῶν
1136 1439 1172 1456 τι
1196 1426 1299 1465 πάθῃ,
1327 1428 1378 1465 τῷ
1400 1427 1494 1462 κοινῷ
1518 1425 1608 1463 γένει
1635 1427 1704 1454 τῶν

1005 1476 1186 1514 ἀνθρώπων
1222 1477 1427 1514 ἀμυνόμενοι·
1469 1479 1635 1514 serpentem
1676 1478 1705 1504 et

1005 1527 1171 1564 scorpium,
1192 1526 1313 1556 etiamsi
1328 1527 1367 1556 ab
1383 1527 1424 1556 iis
1438 1536 1497 1555 non
1512 1527 1704 1564 impetamur,

1007 1575 1184 1613 occidimus,
1205 1586 1241 1605 ne
1256 1577 1307 1605 cuz'
1321 1580 1428 1605 noceat
1444 1576 1512 1612 alii,
1535 1579 1562 1605 et
1582 1575 1702 1604 vindic-

1006 1627 1069 1653 tam
1097 1626 1178 1655 hanc
1205 1629 1394 1664 praestamus
1422 1627 1555 1655 humano
1589 1625 1704 1663 yenerz'.

1007 1675 1105 1713 (Pag.
1120 1677 1169 1706 40.
1196 1675 1261 1705 Ed.
1278 1676 1380 1715 Luqd.
1411 1676 1517 1713 1620.)
1560 1675 1704 1713 Porphy-

1006 1725 1071 1755 rius
1086 1726 1153 1764 ipse
1167 1726 1247 1755 libro
1263 1735 1302 1756 11.
1328 1725 1442 1763 ὥσπερ
1458 1725 1524 1763 γάρ
1541 1724 1704 1759 οἰκειότη-

1005 1786 1064 1804 τος
1084 1776 1180 1810 οὔσης
1201 1775 1279 1813 η’μΐν
1299 1775 1383 1813 πρὸς
1409 1776 1486 1805 τοὺς
1513 1773 1703 1812 ἀνθρώπους

1004 1825 1081 1854 τοὺς
1098 1826 1301 1862 κακοποὶοὺς,
1321 1824 1375 1854 καὶ
1395 1823 1542 1862 καθάπερ
1564 1823 1628 1852 ὑπό
1649 1834 1701 1851 τι·

1005 1885 1056 1903 νος
1076 1876 1176 1910 πνοῆς
1193 1874 1274 1903 ἰδίας
1295 1875 1426 1912 φύσεως
1447 1874 1500 1903 καὶ
1521 1872 1702 1912 μοχθηρίας

1006 1924 1206 1962 φερομένους
1226 1924 1311 1963 πρὸς
1331 1925 1372 1954 τὸ
1391 1923 1561 1962 βλάπτειν
1574 1923 1634 1953 τὸν
1649 1923 1702 1952 ε’κ-

1004 1974 1230 2012 τυγχάνοντα,
1263 1974 1408 2014 ἀναιρεῖν
1435 1973 1601 2013 ἡγούμεθα
1635 1973 1702 2002 δεῖν

1005 2024 1059 2053 καὶ
1080 2024 1231 2062 κολάζειν
1251 2024 1414 2060 ἅπαντας,
1436 2025 1540 2053 οὕτως
1558 2023 1612 2052 καὶ
1635 2025 1703 2052 τῶν

1005 2074 1142 2113 ἀλόγων
1160 2074 1250 2112 ζώων
1268 2074 1313 2103 τά
1332 2074 1427 2103 ἄδικα
1447 2074 1508 2109 τήν
1531 2073 1633 2111 φύσιν
1647 2074 1701 2103 καὶ

1005 2124 1176 2161 κακοποιιὶ,
1195 2124 1279 2162 πρός
1294 2136 1333 2153 τε
1348 2125 1388 2153 τὸ
1408 2123 1579 2162 βλάπτειν
1595 2123 1701 2163 ὥρμη-

1003 2174 1086 2212 μένα
1112 2176 1158 2211 τῇ
1191 2175 1291 2211 φύσει
1326 2174 1404 2202 τοὺς
1438 2174 1700 2213 ἐμπελάζοντας,

1003 2223 1152 2260 α’νιιιρεῖν
1186 2223 1264 2252 ἴσως
1296 2223 1468 2260 προσήκει·
1502 2225 1582 2254 sicut
1613 2226 1701 2262 enim,

1004 2282 1182 2310 quanquam
1215 2273 1347 2302 societas
1374 2272 1462 2302 nobis
1488 2274 1628 2312 quadam
1658 2278 1702 2304 est

1005 2331 1072 2351 cum
1087 2322 1259 2351 hominibus
1274 2323 1377 2359 malis,
1393 2323 1514 2352 etiamsi
1529 2324 1583 2362 qui
1596 2328 1703 2362 suopte

1005 2372 1127 2410 inqenio
1142 2382 1180 2401 ac
1194 2373 1318 2401 malitia
1333 2373 1426 2402 veluti
1437 2377 1521 2402 vento
1536 2374 1703 2404 vehemente

1005 2426 1151 2461 affantur,
1172 2426 1206 2452 ut
1227 2423 1324 2451 cuivis
1337 2424 1402 2452 sine
1418 2424 1596 2453 discrimine
1614 2433 1701 2453 noce-

1005 2475 1070 2508 ant,
1085 2475 1184 2501 tamen
1194 2481 1244 2501 eos
1258 2483 1358 2501 omnes
1371 2476 1451 2502 recte
1465 2483 1485 2502 a
1497 2474 1584 2502 nobis
1591 2474 1703 2512 puniri

1006 2530 1158 2551 censemus
1165 2532 1179 2557 ;
1208 2523 1255 2551 ita
1275 2526 1303 2551 et
1323 2526 1474 2552 mutorum
1500 2524 1704 2553 animantium

242 2739 375 2785 killing
391 2739 555 2774 harmful
571 2740 714 2782 beasts3
745 2740 818 2774 and
840 2741 1019 2788 certainly
1040 2742 1070 2776 it
1096 2742 1126 2777 is
1153 2747 1219 2777 not
1250 2744 1479 2789 improbable
1505 2745 1587 2780 that
1608 2747 1705 2792 good

243 2807 330 2831 men
367 2796 430 2830 did
465 2796 538 2831 this
573 2797 702 2832 before
738 2797 805 2832 the
839 2798 984 2843 deluge,
1019 2798 1148 2834 before
1181 2800 1264 2835 God
1310 2800 1384 2835 had
1425 2801 1610 2837 delivered
1649 2803 1706 2839 his

243 2853 317 2887 will
338 2858 376 2888 to
394 2864 492 2896 man,
520 2853 604 2889 that
636 2853 744 2889 other
764 2854 918 2889 animals
940 2855 1070 2890 should
1088 2856 1242 2892 become
1272 2857 1329 2892 his
1350 2857 1449 2893 food.
1511 2859 1594 2894 And
1616 2859 1707 2895 then

245 2909 294 2945 he
328 2911 485 2946 extends
515 2910 588 2946 this
616 2915 655 2947 to
687 2922 794 2946 man:
821 2912 893 2946 and
922 2912 1136 2949 afterwards
1161 2925 1243 2961 says
1269 2914 1352 2950 that
1380 2914 1550 2951 whoever
1575 2917 1658 2952 kills
1685 2929 1707 2952 a

1721 1203 1780 1227 Lib.
1791 1202 1806 1227 i.
1816 1203 1848 1227 dc
1857 1204 1917 1233 Ira,

1721 1241 1743 1258 c.
1758 1235 1794 1258 16.
