2018 3204
280 171 335 212 92
766 175 834 209 DE
865 171 1251 209 JUREJURANDO.
1574 168 1670 213 [Lm.
1691 170 1740 204 ΙΙ.

281 300 373 342 quae
396 286 449 328 ab
474 285 571 342 ipsis
603 284 712 327 facta
748 287 790 325 et
820 279 1089 338 jurejurando
1121 278 1285 321 firmata
1314 284 1445 328 erant,
1470 283 1674 337 rogarunt
1697 282 1743 320 ut

62 363 262 392 Liv.xxxix.37-
281 352 359 409 ipsi
383 351 560 394 Romani
591 365 682 406 quae
718 349 956 391 viderentur
990 351 1211 395 mutarent,
1237 360 1311 387 nec
1345 345 1519 387 Achaeos
1544 344 1744 402 religione

80 1943 89 1968 2
106 1944 178 1968 Sam.
191 1948 257 1967 xxv.

80 2072 139 2097 Lib.
152 2072 188 2097 xi.
204 2072 242 2096 11.

285 418 591 474 obstringerent
613 415 733 457 irrita
757 429 806 455 ea
827 429 919 469 quae
938 412 1209 469 jurejurando
1234 410 1465 453 sanxissent
1487 410 1676 453 faciendi.

383 484 458 526 VI.
529 483 591 524 Ut
613 480 750 524 valeat
775 479 1068 535 juramentum,
1101 480 1288 534 Soportet
1317 477 1512 535 obligatio
1544 476 1597 518 sit
1619 475 1743 518 licita.

285 551 425 601 Quare
452 548 584 589 nullas
607 547 715 589 vires
738 544 908 587 habebit
927 544 1070 600 jurata
1098 543 1311 600 promissio
1341 544 1393 585 de
1423 558 1470 585 re
1489 542 1641 592 illicita,
1673 547 1747 584 aut

283 614 540 663 naturaliter,
566 619 639 655 aut
659 611 798 654 divina
817 609 1117 659 interdictione,
1140 617 1213 652 aut
1229 610 1351 652 etiam
1374 611 1566 659 humana,
1591 609 1643 651 de
1665 623 1748 664 qua

284 695 381 722 mox
411 694 595 736 agemus.
647 680 762 720 Bene
789 674 928 718 tPhilo
960 676 1157 718 Judaeus:
1186 674 1300 720 ἰ’στω
1333 670 1376 718 δὲ
1411 678 1494 722 πᾶς
1528 673 1747 727 ἐνωμότως

285 743 407 790 ἄδικα
436 741 557 807 δρῶν,
593 743 667 788 ὅτι
700 740 921 804 εὐορκήσει
955 740 1030 794 μὲν
1060 739 1125 794 ου’,
1154 741 1231 785 τὸν
1264 737 1309 784 δὲ
1345 743 1517 793 πολλῆς
1548 742 1745 802 φυλακῆς

286 812 356 857 καὶ
381 810 630 863 ἐπιμελείας
655 806 778 867 ἄξιον
801 804 928 869 ὅρκον
957 804 1208 867 ἀνατρέπει,
1239 803 1272 865 ᾧ
1297 805 1355 851 τοὶ
1378 806 1492 851 καλοὶ
1519 807 1586 850 καὶ
1611 802 1749 850 δίκαια

287 875 688 939 ἐπισφραγίζεται.
731 875 1027 935 προστίθεται
1054 871 1148 933 ’γάρ
1175 871 1357 917 ὑπαίτια
1387 871 1609 922 ὑπαιτίοις,
1635 870 1681 915 ἐν
1703 869 1750 916 οὗ

288 941 430 989 δέοντι
461 946 702 1003 «γινομένοις
729 938 877 1002 ὅρκοις,
915 943 974 984 οἷς
998 937 1113 983 πολι)
1142 936 1330 992 βέλτιον
1355 934 1403 992 ἦν
1433 936 1748 1000 ἦσυχάζεσθαι,

290 1009 468 1071 πράξεις
494 1012 777 1071 παρανόμους.
815 1004 1081 1067 ἀπεχόμενος
1103 1001 1177 1050 οὖν
1195 1008 1274 1049 τοῦ
1292 1000 1616 1065 ἀδικοπραγεῖν,
1641 1024 1751 1049 ποτ-

290 1075 451 1122 νιάσθω
474 1073 554 1120 ’Τὸν
587 1073 698 1120 Θεὸν
727 1074 796 1118 ἵνα
822 1068 994 1130 μΕΤαδῷ
1025 1073 1102 1124 Τῆς
1132 1071 1240 1116 ἵλεω
1265 1067 1467 1124 δυνάμεως
1494 1069 1615 1128 αὐτῷ
1639 1089 1751 1128 συὙ·

290 1141 457 1201 Ὑενοῦς,
499 1139 572 1203 ἐφ’
608 1144 664 1187 οἷς
701 1138 895 1197 ἀβουλίᾳ
920 1135 1195 1199 χρησάμενος
1225 1134 1378 1188 ὤμοσε.
1421 1132 1632 1182 διπλάσια
1657 1135 1750 1196 ’γὰρ

291 1210 506 1270 αἱρεῖσθαι
531 1206 650 1256 κακὰ,
676 1202 899 1257 δυνάμενον
923 1203 1006 1257 τήν
1027 1202 1220 1256 ἡμίσειαν
1241 1202 1385 1247 αὐτῶν
1409 1201 1753 1264 ἀποφορτίσασ-

292 1277 377 1325 θαι,
408 1277 534 1329 μανία
570 1273 638 1317 καί
675 1268 1021 1334 φρενοβλάβεια
1053 1265 1269 1316 δυσίατος·
1325 1271 1449 1311 Sciat
1483 1271 1675 1324 quisquis
1703 1270 1753 1310 ob

282 1343 581 1398 juramentum
615 1340 767 1394 injusti
804 1339 976 1393 aliquid
1010 1337 1187 1377 molitur
1217 1351 1354 1390 affere,
1390 1350 1478 1377 non
1505 1350 1548 1377 se
1570 1335 1754 1389 jurisju-

292 1409 427 1450 randi
461 1408 749 1449 observantem
770 1406 885 1459 fore,
914 1404 987 1445 sed
1012 1403 1160 1457 potius
1189 1416 1419 1443 eversorem
1439 1402 1753 1455 jurisjurandi,

293 1475 404 1528 quod
427 1487 588 1528 magma
608 1486 715 1513 eura
739 1485 792 1512 ae
814 1470 1018 1523 reliyione
1041 1469 1219 1522 diynum
1239 1476 1312 1516 est,
1337 1476 1376 1509 et
1400 1482 1479 1521 quo
1503 1468 1679 1509 honesta
1702 1480 1756 1508 ac

292 1548 412 1582 recta
435 1539 603 1581 sanciri
625 1538 769 1579 solent.
839 1536 980 1577 Addit
1003 1535 1114 1575 enim
1148 1534 1321 1588 eulpam
1345 1534 1492 1589 eulpae,
1508 1534 1757 1587 juramento

292 1621 377 1648 ozon
400 1613 509 1648 reete
520 1606 661 1659 facto,
687 1611 726 1645 et
749 1617 830 1656 quo
854 1602 1064 1643 abstinere
1086 1601 1225 1642 satius
1237 1600 1395 1653 fuerat
1419 1607 1559 1640 aetum
1582 1600 1757 1653 illeyiti-

294 1687 422 1713 mum.
499 1673 643 1722 Quare
667 1670 722 1710 ab
744 1669 908 1722 injusta
932 1668 1098 1708 actione
1121 1667 1338 1708 abstinens
1362 1667 1502 1707 Deum
1524 1672 1755 1713 veneretur,

295 1745 343 1778 ut
367 1752 459 1792 quce
482 1737 570 1791 ipsi
593 1743 653 1777 est
670 1735 859 1775 maoeime
870 1734 1069 1787 propria,
1087 1733 1432 1774 misericordiam
1453 1731 1513 1787 [et
1537 1731 1758 1772 temerarii

285 1803 528 1857 juramenti
556 1800 751 1856 veniam]
776 1801 816 1841 ei
838 1799 1074 1853 impertiat.
1142 1800 1263 1839 Nam
1288 1798 1424 1852 dupla
1448 1798 1601 1851 eliyere
1624 1796 1757 1845 mala,

295 1883 391 1910 eum
413 1873 545 1922 parte
572 1867 714 1908 altera
737 1865 964 1907 eoeonerari
986 1864 1142 1918 possis,
1167 1863 1429 1904 insanabilis
1460 1871 1519 1904 est
1530 1864 1684 1917 furor,
1720 1870 1758 1903 et

295 1935 448 1976 mentis
473 1933 636 1987 inopia.
705 1929 950 1985 Exemplum
975 1928 1065 1970 dari
1092 1933 1228 1983 potest
1250 1927 1292 1968 in
1320 1927 1495 1976 Davide‚
1516 1927 1587 1982 qui
1609 1927 1760 1969 Nabali

296 1998 480 2056 pepercit
516 2012 637 2053 quem
677 2011 720 2038 se
748 1995 972 2037 occisurum
1007 1994 1236 2049 juraverat.
1309 1993 1452 2035 Cicero
1485 1992 1614 2034 simile
1645 1993 1761 2049 ponit

297 2065 527 2120 exemplum
558 2063 600 2104 in
632 2067 727 2105 voto
757 2059 1088 2118 Agamemnonis,
1122 2058 1349 2116 Dionysius
1383 2058 1762 2101 Halicarnassensis

354 2165 365 2180 ⁵
390 2153 839 2197 Oportetobliqatiositlicz'ta]
863 2154 995 2183 Tractat
1123 2165 1133 2185 t
1153 2164 1264 2202 plu-30]
1305 2164 1357 2194 De
1391 2165 1580 2202 specialibus
1613 2164 1760 2203 ,Le-(libus,

296 2210 356 2239 hoc
369 2211 450 2239 bene
470 2207 658 2238 Ambrosius
680 2206 717 2235 de
735 2205 824 2245 Offic.
846 2213 867 2233 1.
893 2206 924 2233 et
943 2203 996 2232 alii
1064 2205 1153 2247 (pag,
1168 2210 1236 2238 771,
1278 2209 1369 2238 Edit,
1384 2210 1513 2247 Paris)

296 2261 389 2291 relati
417 2261 449 2289 in
472 2269 573 2289 causae
596 2267 689 2287 XXII.
717 2257 925 2295 quaeSffiOIlem
950 2263 995 2285 1v.
1122 2263 1135 2278 ¹¹
1156 2257 1363 2296 Auqustinus]
1394 2258 1445 2287 De
1472 2259 1561 2287 Bono
1595 2257 1762 2297 Conjuqali

299 2311 615 2341 Pertinethuceanon
623 2305 995 2337 v11.eoneiliiHilerden-
1062 2316 1090 2336 c.
1105 2308 1133 2335 4.
1152 2307 1268 2336 citatur
1289 2308 1374 2336 dieta
1389 2308 1574 2345 quaestione.
1602 2308 1682 2346 (cap.
1700 2308 1762 2345 20.)

299 2362 340 2390 sis
353 2361 484 2390 relatiin
494 2364 615 2389 tomum
631 2367 685 2388 111.
701 2356 905 2386 conciliorum
918 2354 996 2384 Gal·
1063 2356 1144 2385 Vide
1156 2359 1188 2385 et
1199 2356 1347 2392 Gailinm,
1360 2356 1396 2385 cle
1408 2356 1492 2385 Pace
1501 2357 1645 2393 Publica,
1657 2358 1726 2386 Lib.
1738 2366 1762 2388 1.

297 2411 362 2449 liae3
377 2410 449 2440 etin
460 2409 621 2438 Hincmari
632 2406 790 2446 opusculis
805 2414 867 2434 non
883 2413 995 2443 pauca·
1060 2413 1089 2435 e.
1106 2405 1147 2434 iv.
1180 2404 1198 2443 ξ
1218 2405 1265 2435 16.
1296 2408 1328 2434 et
1351 2405 1387 2434 de
1410 2405 1548 2434 Alboino
1571 2406 1762 2443 Historiam,

300 2552 339 2584 to
355 2548 496 2593 change
517 2547 546 2581 it
566 2546 798 2586 themselves,
817 2544 891 2580 and
910 2547 977 2579 not
993 2548 1032 2579 to
1054 2544 1120 2579 ask
1140 2544 1244 2579 them
1260 2547 1299 2579 to
1321 2543 1429 2578 make
1450 2542 1535 2578 void
1553 2542 1651 2578 what
1674 2542 1765 2588 they

299 2605 374 2640 had
395 2616 514 2640 swern
536 2609 574 2639 to
595 2603 748 2649 uphold.

374 2663 440 2696 VI.
493 2661 590 2695 That
607 2672 655 2694 an
680 2659 768 2694 oath
787 2670 873 2704 may
893 2658 940 2693 be
968 2658 1077 2698 valid,
1105 2658 1169 2693 the
1191 2658 1396 2703 obligation
1424 2660 1525 2692 must
1552 2657 1600 2691 be
1624 2655 1764 2690 lawful.

300 2718 519 2753 Wherefore
536 2718 642 2752 there
667 2717 697 2751 is
719 2727 767 2750 no
795 2716 898 2750 force
920 2716 959 2749 in
985 2727 1007 2750 a
1032 2726 1151 2751 sworn
1172 2716 1333 2761 promise
1357 2714 1581 2758 concerning
1608 2723 1630 2746 a
1657 2712 1765 2757 thing

301 2775 489 2815 unlawful,
514 2774 633 2808 either
649 2774 697 2819 by
714 2773 875 2807 Natural
890 2774 989 2814 Law,
1010 2784 1052 2808 or
1071 2773 1205 2807 Divine
1223 2772 1469 2812 Prohibstion,
1486 2781 1529 2805 or
1548 2770 1709 2808 Human,
1726 2768 1769 2802 of

302 2830 421 2864 which
442 2842 495 2864 we
526 2830 620 2864 shall
649 2830 763 2875 speak
795 2830 1021 2864 afterwards.
1075 2830 1124 2864 So
1150 2829 1259 2863 Philo
1284 2828 1446 2863 Judaeus.
1510 2825 1611 2860 Thus
1641 2825 1764 2859 David

303 2886 437 2930 spared
463 2886 596 2926 Nabal,
616 2886 736 2920 whom
763 2886 811 2920 he
835 2886 910 2920 had
935 2897 1054 2921 swern
1082 2890 1121 2920 to
1149 2886 1226 2920 kill.
1281 2885 1409 2919 Cicero
1434 2883 1631 2922 mentions,
1650 2892 1689 2916 as
1716 2892 1764 2916 an

303 2941 483 2986 example,
517 2941 798 2986 Agamemnon's
828 2953 928 2983 vow3
958 2943 1170 2989 Dionysius,
1201 2941 1265 2976 the
1294 2940 1509 2986 conspiracy
1538 2938 1581 2974 of
1605 2938 1670 2973 the
1699 2938 1763 2973 de-
