2018 3204
324 173 406 213 232
760 176 827 210 DE
858 176 987 210 JURE
1021 172 1351 209 SEPULTURAE.
1617 169 1714 213 [Lm.
1733 169 1785 204 11.

324 293 630 339 contemtorem,
672 292 714 331 et
749 287 823 330 sub
858 300 907 327 ea
937 283 1030 340 lege
1063 296 1157 338 quae
1198 278 1377 338 proximi
1410 292 1558 322 nomen
1592 278 1648 321 ad
1679 276 1787 321 solos

325 356 528 398 Hebraeos
551 354 804 411 porrigebat.

425 423 477 464 V.
535 423 559 462 1
604 422 743 462 Unum
775 424 913 460 tamen
937 419 1082 457 notatu
1109 428 1189 455 non
1213 411 1439 470 indignum,
1463 412 1515 454 de
1545 409 1789 468 sepeliendis

325 486 498 529 mortuis
528 485 714 542 regulam
749 482 861 539 apud
897 482 1006 537 ipsos
1044 480 1249 522 Hebraeos
1285 478 1475 521 habuisse
1508 476 1790 533 exceptionem

106 572 164 596 Lib.
178 571 240 595 ma
260 571 305 601 §a
326 555 490 595 ⁹eorum
515 551 584 607 qui
614 550 690 607 ipsi
714 549 790 591 sibi
814 554 988 589 mortem
1013 545 1317 588 consciverant:
1353 544 1463 600 quod
1486 545 1514 585 J
1518 543 1692 599 osephus
1715 556 1791 584 nos

106 602 304 663 fflssifliffli‘ii
327 619 457 660 docet.
527 618 614 658 Nec
643 617 686 658 id
710 615 868 664 mirum,
895 628 985 655 eum
1017 612 1059 654 in
1091 612 1166 653 hos
1196 610 1306 653 aliud
1330 609 1569 667 supplicium
1600 607 1791 650 constitui

107 696 224 751 315}stAE
238 696 299 749 θυι
327 699 408 725 non
432 683 559 739 possit
582 683 651 738 qui
675 687 849 723 mortem
873 694 947 736 pro
972 677 1168 734 supplicio
1193 691 1274 718 non
1297 676 1463 718 habent.
1530 674 1596 717 Sic
1620 674 1791 716 Milesiae

110 742 306 818 522'30111113
328 749 508 807 virgines
529 763 554 790 a
577 747 807 790 voluntaria
830 751 963 787 morte
984 743 1229 792 absterritae‚
1252 748 1294 784 et
1314 739 1449 798 tplebs
1473 740 1568 783 olim
1589 742 1789 789 Romana,

329 829 561 872 quanquam
592 814 850 870 improbante
881 810 1024 852 Plinio.
1096 809 1162 851 Sic
1195 814 1237 850 et
1272 807 1501 849 Cleomenis
1532 821 1691 862 corpus,
1723 805 1793 861 qui

109 834 181 889 11³5lin.
195 832 290 857 xxxvi.

111 894 284 950 gaineri?
330 897 372 924 se
408 881 684 930 interfecerat,
721 878 967 921 Ptolomaeus
999 874 1192 931 suspendi
1223 874 1356 930 jussit.
1418 875 1474 915 Et
1516 872 1694 928 upassim
1728 886 1795 913 re-

109 956 211 1011 &¹3⁷3
226 941 279 1009 15⁹
330 952 506 1004 ceptum,
542 947 600 989 ait
636 944 894 993 Aristoteles,
936 948 982 985 ut
1016 940 1241 999 ignominia
1275 940 1412 996 aliqua
1451 938 1678 981 afficiantur
1725 936 1795 993 qui

110 1027 240 1058 Pas-3³2·
331 1013 407 1056 sibi
442 1018 614 1055 mortem
647 1011 957 1053 consciverunt:
989 1008 1058 1050 ubi
1094 1005 1350 1049 Andronicus
1374 1005 1562 1047 Rhodius
1596 1004 1638 1046 id
1671 1017 1796 1060 expo-

330 1094 432 1121 nens
466 1079 535 1129 ait,
559 1078 770 1134 sepultura
794 1090 935 1118 eorum
971 1088 1145 1130 corpora
1174 1072 1411 1129 prohiberi:
1444 1071 1554 1127 quod
1577 1070 1686 1112 inter
1715 1069 1796 1111 alia

109 1155 271 1218 ἓνῶιριἒιῑν.
333 1145 600 1187 Demonassae
632 1143 764 1201 Cypri
798 1141 972 1198 Reginae
1007 1140 1108 1182 scita
1139 1139 1281 1181 laudat
1316 1138 1427 1180 Dion
1464 1138 1795 1193 ChrysostomuS.

330 1212 478 1267 Neque
501 1211 595 1252 huic
618 1210 722 1251 mori
746 1209 882 1250 obstat
903 1206 1013 1262 quod
1045 1205 1268 1254 Homerus,
1295 1204 1534 1260 AEsehylus,
1559 1201 1795 1259 Sophocles,

111 1291 176 1315 vm.
190 1291 264 1315 Stob.
331 1276 530 1327 Moschio,
548 1283 589 1319 et
607 1275 675 1318 alii
693 1280 871 1324 monent,
887 1272 988 1315 nihil
1006 1271 1158 1314 sentire
1177 1276 1383 1313 mortuos:
1408 1284 1536 1325 quare
1553 1283 1627 1310 nee
1648 1268 1797 1310 damno

113 1323 168 1346 Tit.
182 1323 234 1345 12⁷6.
248 1324 275 1346 et

111 1352 194 1384 Soph.
207 1354 283 1384 Ajac.

390 1392 403 1410 ⁹
418 1392 574 1430 Exceptio
586 1392 641 1420 illa
651 1392 711 1421 hoe
722 1393 847 1421 tantum
863 1389 1029 1426 efficiebat,

331 1445 368 1472 ut
383 1443 535 1471 cadavera
549 1451 668 1478 eorum,
684 1441 738 1479 qui
753 1440 811 1469 sibi
826 1439 886 1477 ipsi
897 1441 1032 1467 mortem

332 1493 557 1528 consciverant,
566 1500 665 1529 usque
673 1491 712 1519 ad
721 1490 801 1519 Solis
811 1497 955 1517 oceasum
965 1496 1032 1515 ma-

332 1545 444 1571 nerent
458 1542 627 1579 insepulta.
652 1541 702 1569 lta
712 1540 827 1569 diserte
842 1538 1031 1573 Josm‘nus,

332 1592 403 1621 loco
428 1592 460 1620 iu
488 1601 543 1620 ora
566 1591 638 1620 libri
666 1590 825 1618 indicato:
849 1588 930 1617 Τοὺς
951 1586 1032 1624 γοῦν

332 1641 514 1671 ἀνελόντας
551 1640 696 1675 ἑαυτοὺς,
737 1637 831 1675 παρά
854 1637 912 1675 μὲν
943 1636 1031 1674 ἡμῖν,

332 1690 448 1729 μέχρις
462 1690 556 1725 ἡλίου
571 1690 690 1718 δύσεως
705 1687 859 1725 ἀτάφους
874 1686 1033 1723 κρύπτειν

334 1739 472 1777 ἔκριναν,
487 1740 609 1769 καίτοι
625 1740 677 1767 καὶ
692 1737 871 1775 ’πολεμίους
893 1735 1034 1765 θάπτειν

336 1788 468 1827 Θέμιτον
495 1789 671 1827 ἡγούμενοι
700 1787 759 1816 &cu
812 1787 1033 1815 HEGESIPPUS

335 1842 441 1867 autem
464 1840 605 1877 loquitur
627 1840 666 1867 de
688 1838 828 1866 moribus
851 1839 883 1865 et
910 1836 1034 1874 legibus

335 1888 466 1916 aliorum
496 1888 691 1925 Populorum
706 1897 712 1915 :
748 1887 825 1915 Ilzfc
852 1895 911 1913 non
938 1885 1035 1913 solum

336 1937 471 1965 moribus
486 1938 648 1972 hominum,
664 1937 718 1965 secl
732 1937 824 1964 etiam
838 1934 964 1972 leqibus,
987 1935 1035 1962 in-

336 1987 469 2015 terdicta
478 1987 648 2024 accipinms
663 1997 671 2015 .·
689 1994 818 2023 namque
830 1985 889 2013 alii
899 1984 1034 2021 insepul-

336 2041 383 2066 tos
400 2037 517 2075 projici
530 2037 639 2073 jubent
659 2046 720 2069 eos,
741 2035 794 2074 qui
814 2045 845 2063 sc
866 2035 898 2063 in
910 2035 1037 2072 ferrum

337 2078 526 2123 dejecerunt.
539 2109 545 2115 .
559 2087 636 2115 ‚alii
663 2086 805 2114 ‹lea‘tmm
832 2093 955 2112 manum
982 2083 1037 2111 ab-

338 2136 481 2166 scindunt
502 2135 664 2174 defimctis,
693 2134 749 2164 &e
793 2134 863 2162 Hoc
891 2133 1036 2161 ultimum

339 2195 440 2224 genus
455 2195 557 2224 poenae
571 2188 734 2214 recer⁴um
757 2187 825 2213 erat
840 2183 987 2219 Athenis,
1003 2185 1039 2211 ut

1100 1386 1225 1415 Auctor
1261 1385 1328 1424 ipse
1363 1385 1508 1414 observat
1542 1393 1626 1420 mox,
1654 1382 1740 1412 Nota
1766 1390 1797 1413 u.

1100 1436 1134 1465 J.
1150 1436 1191 1465 B.

1161 1486 1170 1505 t
1190 1485 1285 1513 Plcbs
1300 1484 1373 1513 olim
1387 1483 1547 1521 Romana]
1565 1483 1690 1512 Servius
1699 1483 1738 1511 ad
1749 1483 1799 1512 12.

1101 1531 1277 1563 AEnciclos:
1303 1534 1385 1563 Sane
1405 1533 1562 1562 sciendum
1582 1532 1665 1571 quod
1674 1533 1801 1561 'cautum

1091 1584 1206 1622 fuerat
1221 1583 1253 1611 in
1268 1582 1510 1620 Pontificalibus
1521 1582 1621 1618 libris,
1636 1585 1668 1610 ut
1683 1581 1737 1620 qui
1751 1581 1802 1610 la·

1102 1644 1178 1673 queo
1192 1635 1414 1672 vitccmfinisset
1428 1633 1597 1671 insepultus
1606 1632 1802 1669 abjiceretur.

1109 1685 1197 1714 Umlc
1211 1685 1318 1713 merito
1334 1684 1381 1713 ait
1396 1692 1558 1712 INFORMIS
1573 1683 1696 1719 me,
1711 1682 1804 1721 quasi

1102 1736 1212 1764 mortis
1238 1735 1466 1773 iifizmissimoe.
1507 1734 1597 1772 Erqo
1626 1743 1693 1763 cum
1721 1734 1804 1763 nihil

1101 1786 1143 1814 sit
1169 1785 1228 1813 hac
1250 1788 1346 1814 morte
1360 1784 1538 1823 clcjbrmius,
1558 1784 1690 1813 Poetam
1710 1784 1805 1812 etiam

1099 1843 1161 1872 pro
1174 1834 1300 1872 Reyinoe
1312 1833 1465 1871 cliqnitate
1475 1832 1592 1861 dimisse
1600 1832 1803 1870 accipiamus.

1109 1883 1238 1913 Cassius
1251 1885 1352 1911 autem
1369 1882 1506 1911 IIemina
1526 1883 1574 1911 ait
1599 1883 1805 1921 Tarquinium

1108 1932 1288 1969 Superbum,
1304 1941 1369 1960 cum
1387 1932 1512 1960 cloacas
1524 1932 1639 1969 facere
1653 1932 1805 1970 populum

1105 1982 1260 2019 coeqisset,
1281 1984 1309 2009 et
1333 1981 1369 2008 ob
1393 1981 1474 2009 hanc
1495 1981 1644 2017 injuriam
1666 1981 1755 2010 multi
1773 1991 1805 2010 se

1105 2031 1268 2068 suspendio
1284 2033 1437 2065 necarent,
1446 2029 1579 2065 jussisse
1599 2039 1733 2067 corpora
1754 2041 1803 2060 eo-

1106 2090 1174 2110 rum
1201 2081 1286 2109 cruci
1307 2080 1406 2120 affifsi.
1452 2079 1538 2108 Tunc
1555 2080 1692 2117 primum
1717 2083 1806 2118 turpe

1107 2130 1246 2159 habitum
1260 2133 1303 2159 est
1322 2132 1446 2158 mortem
1460 2129 1520 2158 sibi
1535 2129 1732 2166 consciscere,
1752 2131 1805 2168 (ad

1108 2174 1185 2211 vers'.
1201 2180 1282 2218 603.)

342 2351 504 2397 denying
524 2351 626 2386 them
652 2350 854 2395 sepulture,
874 2348 923 2383 116
948 2348 1011 2382 did
1028 2347 1101 2382 this
1121 2347 1170 2393 by
1198 2346 1254 2382 his
1281 2357 1362 2381 own
1386 2344 1495 2391 right.

1550 2342 1701 2378 David's
1721 2353 1807 2389 pro·

343 2409 498 2454 eeeding
512 2408 598 2442 with
623 2406 804 2441 Goliath's
824 2406 921 2440 head
942 2417 1014 2439 was
1039 2416 1087 2439 no
1109 2404 1260 2450 general
1282 2414 1376 2438 ease.

413 2466 460 2499 V.
514 2469 531 2499 1
565 2464 645 2499 The
666 2464 855 2504 Hebrews,
871 2463 1056 2503 however,
1077 2461 1185 2495 made
1206 2472 1277 2495 one
1295 2460 1500 2505 exception,
1521 2459 1558 2492 in
1579 2457 1644 2492 the
1665 2468 1748 2492 case
1769 2456 1813 2491 of

343 2522 450 2557 those
467 2521 548 2556 who
566 2521 640 2555 had
662 2521 747 2555 died
765 2521 813 2566 by
834 2520 932 2554 their
953 2530 1035 2553 own
1054 2518 1184 2552 hands.
1219 2518 1303 2551 And
1321 2517 1394 2551 this
1410 2518 1439 2551 is
1457 2516 1516 2556 fit3
1538 2515 1598 2549 for
1615 2514 1722 2549 there
1739 2525 1808 2549 ean

344 2579 390 2614 be
411 2591 459 2613 no
481 2579 589 2613 other
606 2578 856 2623 punishment,
881 2577 940 2611 for
961 2576 1067 2611 those
1087 2580 1126 2609 to
1148 2575 1268 2609 whom
1289 2574 1401 2608 death
1422 2574 1452 2608 is
1479 2583 1527 2607 no
1554 2571 1806 2618 punishment.

347 2637 396 2670 So
417 2636 481 2670 the
510 2636 682 2669 Milesian
702 2635 850 2679 virgins,
877 2634 950 2668 and
974 2633 1038 2667 the
1056 2632 1167 2666 Plebs
1192 2637 1230 2666 at
1253 2633 1373 2665 Rome
1401 2641 1497 2665 were
1519 2628 1692 2663 deterred
1712 2628 1811 2662 from

346 2693 496 2727 suicide.
529 2693 578 2727 So
596 2692 768 2737 Ptolemy
782 2691 940 2725 ordered
958 2690 1021 2724 the
1040 2689 1139 2734 body
1158 2689 1199 2723 of
1210 2689 1428 2723 Cleomenes
1450 2691 1488 2721 to
1504 2686 1552 2721 be
1572 2685 1685 2730 hung.
1725 2684 1810 2719 And

346 2749 376 2783 it
396 2750 437 2790 is,
458 2761 538 2795 says
557 2749 745 2789 Aristotlc,
773 2759 795 2782 a
816 2758 988 2782 common
1008 2747 1183 2792 practice,
1211 2757 1249 2779 as
1272 2744 1504 2779 Andronicus
1526 2743 1691 2788 explains
1717 2741 1806 2775 him.

347 2805 430 2838 And
452 2817 499 2839 on
520 2806 592 2840 this
613 2805 769 2850 ground,
790 2805 889 2839 Dion
909 2804 1015 2838 lauds
1035 2804 1276 2843 Demonassa‚
1300 2813 1420 2847 queen
1442 2800 1485 2835 of
1510 2798 1664 2846 Cyprus.
1726 2796 1811 2831 And

347 2861 376 2894 it
408 2862 437 2895 is
472 2873 520 2895 110
553 2863 749 2906 objection,
777 2862 870 2902 that,
902 2872 941 2895 as
963 2861 1026 2895 the
1055 2864 1160 2905 poets
1191 2859 1403 2894 sometimes
1431 2869 1506 2903 say,
1527 2857 1592 2891 the
1616 2854 1710 2889 dead
1737 2853 1811 2887 feel

348 2917 515 2962 nothing,
545 2919 618 2952 aud
638 2930 701 2953 are
722 2922 788 2952 not
809 2918 967 2952 affected
988 2918 1037 2963 by
1057 2917 1130 2951 loss
1152 2928 1194 2951 or
1214 2916 1351 2951 shame.
1412 2915 1486 2948 For
1506 2914 1535 2947 it
1555 2913 1585 2947 is
1609 2910 1755 2956 enough
1781 2909 1814 2951 it*
