2018 3204
148 133 239 170 Cim.
255 133 363 178 XX]
729 134 796 168 DE
826 133 1008 169 POENIS.
1520 126 1602 166 335

153 244 260 285 tiam
291 245 411 285 Deus
434 244 684 291 commodat,
717 244 823 298 quia
851 243 966 284 videt
987 256 1054 284 eos
1077 241 1157 283 etsi
1185 255 1269 282 non
1291 247 1400 282 recte
1423 242 1602 290 credere,

152 310 308 363 affectu
332 311 472 350 tamen
489 310 578 363 pioe
602 309 815 363 opinionis
837 300 996 350 eiu-are.

252 376 280 415 4
326 375 392 415 De
426 373 664 415 Manichaeis
695 373 907 414 audiamus
941 387 1048 422 eum,
1085 372 1153 428 qui
1183 371 1227 413 in
1260 370 1421 414 illorum
1458 370 1604 413 crassis

152 439 339 481 sordibus
375 439 447 481 diu
486 439 617 487 haesit,
656 438 956 495 Augustinum:
991 439 1063 480 illi
1096 440 1278 480 saeviant
1315 439 1364 479 in
1400 453 1484 487 vos,
1527 439 1604 493 qui
1620 452 1813 508 ffi'fflff'iffl‘

151 507 346 547 nesciunt
382 520 463 559 quo
494 519 588 546 cum
619 505 761 545 labore
792 519 936 545 verum
966 505 1226 552 inveniatur,
1259 511 1298 545 et
1328 519 1460 559 quam
1495 505 1602 558 diff*
1619 501 1742 544 c-2‚³·'
1801 501 1807 507 ’

153 571 233 612 cile
269 578 504 612 caveantur
538 584 714 612 errores.
784 571 864 611 Illi
894 571 942 611 in
977 584 1049 611 vos
1080 571 1272 618 saeviant,
1308 571 1384 625 qui
1412 571 1604 611 nesciunt

151 650 282 691 quam
323 650 474 677 rarum
514 644 553 677 et
595 637 781 677 arduum
825 637 883 677 sit
916 636 1120 677 carnalia
1154 637 1477 690 phantasmata
1513 636 1605 690 pioe

151 702 303 743 mentis
327 703 553 744 serenitate
585 716 799 756 superare.
868 702 948 743 Illi
978 702 1025 742 in
1053 715 1124 742 vos
1154 702 1347 749 saeviant,
1374 702 1450 756 qui
1475 703 1606 742 nesci-

151 775 229 808 unt
268 775 435 822 quanta
472 768 721 822 difficultate
757 772 934 809 sanetur
971 767 1116 808 oculus
1151 767 1373 807 interioris
1405 767 1603 815 hominis,

149 840 199 874 ut
232 834 374 888 possit
413 834 575 875 intueri
613 833 741 874 solem
777 847 912 874 suum.
983 832 1064 873 Illi
1102 833 1149 873 in
1186 846 1258 873 vos
1293 833 1488 882 saeviant,
1530 833 1607 886 qui

150 900 343 940 nesciunt
365 900 540 952 quantis
565 900 792 954 yemitibus
819 906 858 940 et
888 898 1092 952 suspiriis
1104 899 1192 950 fiat
1218 905 1266 938 ut
1298 911 1348 938 eoe
1370 898 1607 951 quantula·-

151 978 312 1019 cunque
343 972 473 1017 parte
494 965 636 1019 possit
676 965 863 1018 intelliqi
900 965 1033 1004 Deus.
1106 965 1323 1004 Postremo
1350 963 1422 1003 illi
1454 964 1502 1003 in
1532 977 1606 1004 vos

148 1031 344 1081 soeviant,
385 1032 461 1084 qui
494 1030 611 1071 nullo
648 1030 732 1070 tali
758 1043 902 1070 errore
937 1029 1101 1083 decepti
1136 1036 1250 1081 sunt,
1283 1029 1408 1083 quali
1435 1043 1507 1070 vos
1536 1030 1606 1070 de-

149 1104 288 1150 ceptos
318 1096 474 1137 vident.
543 1097 642 1149 qu
677 1102 816 1136 autem
847 1095 995 1136 saevire
1023 1095 1071 1135 in
1099 1109 1171 1135 vos
1204 1095 1373 1135 omnino
1405 1109 1488 1136 non
1504 1109 1605 1150 pos-

147 1175 253 1209 sum,
292 1176 395 1216 quos
437 1162 548 1202 sicut
588 1175 653 1202 me
697 1161 840 1215 ipsum
879 1161 956 1201 icto
996 1167 1189 1214 tempore,
1227 1161 1296 1201 ita
1331 1175 1444 1202 nunc
1479 1161 1605 1202 debeo

146 1228 369 1278 sustinere,
398 1234 436 1268 ct
466 1234 592 1268 tanta
608 1227 831 1281 patientia
854 1226 1068 1268 vobiscum
1091 1239 1229 1280 aqere,
1254 1234 1420 1281 quanta
1443 1241 1604 1268 mecum

146 1300 319 1347 eqerunt
357 1294 552 1347 proximi
594 1293 689 1342 mei,
723 1306 818 1334 cum
852 1292 900 1332 in
934 1300 1070 1333 vestro
1105 1293 1301 1346 doqmate
1335 1293 1533 1334 rabiosus
1563 1299 1602 1334 et

146 1373 281 1401 coecus
309 1372 510 1400 errarem,

245 1426 272 1466 5
314 1419 388 1465 ⁰Iu
412 1424 607 1465 Arianam
623 1421 799 1464 haeresin
817 1421 968 1464 acriter
991 1421 1198 1463 invehitur·
1221 1422 1469 1464 Athanasius
1496 1424 1603 1479 Epi-

143 1490 257 1532 stola
277 1491 338 1532 ad
354 1491 597 1538 Solitarios,
623 1489 732 1544 quod
749 1487 883 1545 prima
906 1487 949 1529 in
970 1488 1294 1530 contradicentes
1317 1503 1390 1530 usa
1414 1494 1521 1531 esset
1537 1489 1604 1544 ju-

904 1612 960 1632 nos
972 1603 1119 1641 sciamus,
1133 1603 1185 1632 dic
1198 1603 1275 1631 mihi
1285 1613 1396 1641 queso,
1412 1604 1522 1642 quibus
1535 1614 1602 1634 ver·

906 1652 953 1680 bis
974 1652 1027 1681 ille
1047 1661 1079 1681 se
1101 1655 1304 1681 accusaturus
1324 1656 1379 1681 aut
1400 1657 1602 1683 excusaturus

142 1605 194 1640 sie,
215 1604 395 1644 quicumque
409 1614 429 1634 a
442 1614 514 1634 vero
532 1604 689 1633 aberrant.
730 1603 839 1641 Neque

143 1654 222 1683 enim
241 1655 372 1684 volentes
387 1655 543 1691 palantur
561 1657 589 1682 et
607 1654 766 1691 cespitant,
785 1653 841 1681 scd

142 1713 210 1733 cum
232 1704 341 1732 bonum
361 1707 518 1741 appetant,
541 1704 572 1731 in
587 1703 762 1739 judicando
786 1702 838 1732 de-

143 1754 232 1791 cepti,
253 1764 322 1792 quoe
335 1754 425 1783 semel
443 1754 513 1783 visa
525 1757 595 1782 sunt
614 1753 742 1782 retinent
757 1762 838 1781 mor-

143 1803 243 1838 dicus,
254 1804 482 1842 qualiacunque
492 1803 670 1841 eafuerint.
693 1803 785 1840 (Cap.
795 1801 838 1839 5.)

197 1858 210 1873 ¹²
233 1852 437 1891 Ncmopotest
447 1853 527 1882 scire
537 1850 720 1889 nisijudex]
736 1851 836 1889 Chry-

143 1905 299 1931 sostomus
325 1903 453 1930 homilia
477 1904 588 1931 contra
613 1901 836 1930 Anathemati-

142 1955 266 1981 zantes:
287 1952 328 1981 τὸ
343 1950 560 1988 κεκρυμμένον
569 1951 617 1988 τῷ
633 1951 699 1978 τῶν
715 1950 837 1979 αἰώνων

141 2002 240 2038 κριτῇ
255 2001 484 2038 α’νεπισφαλὲς
498 1998 756 2035 ἀποφαίνεσθαι,
775 1999 836 2036 μό-

142 2062 185 2089 νῳ
206 2050 306 2080 εἰδότι
323 2050 376 2079 καὶ
398 2049 506 2087 μέτρα
532 2048 686 2087 γνώσεως
705 2048 758 2077 καὶ
772 2060 834 2077 πο-

142 2101 274 2136 σότητα
300 2100 458 2129 πίστεως.
491 2098 593 2127 πόθεν
627 2097 692 2135 ’γάρ
729 2098 835 2135 ἴσμεν,

142 2149 215 2178 εἰπέ
244 2161 312 2185 μοι,
346 2148 542 2186 παρακαλῶ,
572 2147 680 2175 ποίοις
713 2146 836 2185 ῥήμασι

140 2199 364 2237 κατηγορήσει
379 2197 496 2226 ἑαυτοῦ
510 2196 528 2231 ἦ
551 2196 604 2225 καὶ
623 2195 836 2232 ἀπολογήσε-

139 2259 199 2276 ται
219 2248 252 2276 ἐν
264 2247 367 2285 ἡμέρᾳ
384 2246 442 2275 ὅτε
462 2245 580 2282 μέλλει
599 2244 615 2273 ὁ
632 2244 702 2273 Θεὸς
717 2245 835 2281 κρίνειν

140 2296 186 2325 τά
195 2296 327 2333 κρυπτά
340 2297 407 2324 τῶν
417 2294 595 2331 ἀνθρώπων
605 2304 614 2328 ;
631 2293 734 2322 ὅντως
743 2293 835 2331 aveg-

140 2345 298 2382 ερεὺνητα
320 2344 364 2373 τά
389 2344 547 2381 κρίματα,
568 2342 621 2371 καὶ
644 2342 836 2380 ἀνεξιχνία-

141 2406 218 2424 στοι
239 2393 272 2422 αἱ
293 2393 360 2422 ὁδοὶ
381 2393 492 2421 αὐτοῦ·
516 2391 550 2420 id
569 2391 652 2430 quod
671 2392 836 2420 abscondi-

140 2447 212 2480 tum,
233 2444 317 2472 solus
329 2443 394 2471 sine
407 2441 549 2480 periculo
571 2441 719 2478 dijudicet
739 2450 834 2470 saecu-

141 2494 241 2524 lorum
261 2493 372 2529 judex,
393 2491 443 2520 cui
463 2491 522 2519 soli
546 2493 635 2528 patet
655 2493 682 2519 et
702 2491 834 2519 scientim

139 2553 283 2574 mensura
300 2547 328 2572 ct
339 2542 422 2581 fidei
439 2541 608 2580 quantitas.
653 2541 742 2570 L'mle
757 2541 835 2570 enim

140 2709 285 2757 ground
307 2708 349 2744 of
365 2707 462 2743 their
478 2707 662 2753 sincerity.

905 1704 958 1737 est,
980 1702 1011 1729 in
1026 1702 1076 1730 die
1090 1702 1148 1730 illa
1161 1711 1224 1739 qua
1237 1701 1326 1730 Deus
1342 1701 1527 1739 dijudicabit
1547 1713 1601 1732 ar-

906 1760 987 1780 cana
1008 1750 1186 1779 hominum?
1207 1761 1276 1780 vere
1294 1752 1514 1781 inscrutabilia
1531 1756 1602 1781 sunt

896 1799 1024 1836 judicia
1048 1800 1121 1836 ejus,
1149 1803 1176 1829 et
1198 1801 1257 1829 vice
1281 1800 1346 1837 ejus
1369 1801 1601 1840 imper-vestiqa-

905 1849 990 1878 biles.
1033 1849 1143 1887 (Tom.
1161 1858 1205 1878 vx.
1220 1859 1250 1887 p.
1260 1849 1350 1886 442.)

964 1904 979 1918 ⁰
998 1898 1038 1927 In
1058 1898 1213 1927 Arianam
1227 1897 1369 1937 ltaercsin]
1397 1898 1469 1928 Non
1490 1899 1601 1929 imme-

904 1948 966 1976 rito
994 1948 1116 1976 odimus
1144 1954 1209 1977 tam
1238 1949 1313 1977 mali
1350 1949 1486 1987 exempli
1517 1949 1601 1978 inter

906 1998 1102 2028 Christianos
1141 2002 1327 2036 repertores.
1372 1999 1454 2028 Vide
1492 2008 1600 2028 eorum

904 2057 985 2076 saeva
998 2048 1084 2076 facta
1098 2049 1182 2086 apud
1198 2049 1368 2077 Eusebium
1380 2049 1417 2077 dc
1434 2048 1504 2077 Vita
1517 2049 1600 2077 Con-

903 2097 1033 2125 stantini
1046 2097 1127 2125 libro
1137 2106 1158 2126 1.
1174 2099 1202 2126 5.
1213 2099 1261 2126 38.
1286 2098 1447 2127 Socratem
1461 2098 1541 2127 libro
1554 2107 1598 2128 ιν.

903 2147 951 2176 29.
995 2147 1185 2184 Procopium
1201 2146 1440 2175 Vandalicornm
1456 2156 1476 2175 ι.
1492 2148 1545 2175 ubi
1561 2148 1600 2177 de

905 2195 1090 2224 IIunericho
1120 2195 1205 2233 (cap.
1228 2196 1258 2231 8)
1280 2199 1312 2224 et
1339 2195 1552 2225 Gotthicorum
1576 2206 1598 2227 1.

904 2245 943 2273 de
969 2244 1172 2273 Amalaricho
1197 2245 1278 2282 (cap.
1300 2245 1354 2283 13)
1383 2249 1415 2274 et
1437 2246 1599 2275 Victorem

903 2294 1094 2329 Uticensem,
1119 2294 1157 2322 de
1183 2294 1362 2322 Semirianis
1381 2294 1597 2331 Epiphanius:

903 2343 980 2372 τοὺς
995 2342 1058 2375 τήν
1071 2342 1228 2377 ἀλήθειαν
1239 2341 1454 2372 διδάσκοντας
1469 2343 1600 2372 διώκου-

904 2403 968 2429 σιν,
984 2391 1094 2421 οὐκέτι
1109 2391 1224 2430 λύγοις
1244 2392 1439 2429 βουλόμενοι
1459 2392 1597 2430 α’νατρέ-

901 2453 988 2479 πειν,
1011 2440 1102 2470 α’λλά
1124 2441 1176 2469 καὶ
1198 2441 1345 2479 ἑχθρίαις
1366 2442 1419 2471 καὶ
1442 2442 1599 2479 πολέμοις

902 2491 956 2520 καὶ
979 2490 1156 2528 μαχαίραις
1176 2491 1414 2528 παραδιδόντες
1440 2493 1518 2520 τοὺς
1545 2492 1599 2529 ὀρ-

903 2540 962 2569 Θῶς
989 2540 1232 2569 πιστεύοντας·
1253 2540 1358 2578 λύμην
1385 2541 1450 2580 γάρ
1478 2541 1513 2570 οὐ
1539 2542 1599 2580 μιᾷ

718 2704 806 2751 [See
827 2705 891 2740 the
911 2702 1094 2751 passage]

211 2772 233 2801 4
264 2767 469 2811 Augustino
495 2775 624 2810 argues
656 2763 715 2798 for
746 2763 945 2798 toleration
972 2763 1015 2797 of
1042 2762 1105 2797 the
1134 2762 1387 2805 Manicheans,
1411 2763 1449 2798 in
1473 2763 1595 2799 whose

139 2835 261 2860 errors
282 2824 329 2857 ho
345 2822 419 2856 had
437 2822 524 2866 long
543 2820 686 2855 shared.

211 2886 233 2915 5
264 2879 485 2915 Athanasius
502 2877 667 2924 inveighs
685 2877 829 2923 against
848 2876 913 2912 the
933 2876 1076 2918 Anam,
1096 2875 1254 2912 because
1271 2875 1360 2924 they
1376 2877 1456 2912 first
1476 2877 1595 2912 called
