2018 3204
929 295 1119 337 CAPUT
1155 295 1231 336 XI.

883 407 952 440 DE
989 405 1275 441 PROMISSIS.

411 509 441 544 Ι.
517 507 712 552 Refellitur
737 507 906 541 sententia
934 513 1048 541 statu-

518 575 577 598 ens
583 576 624 598 eoe
629 564 814 609 promissis
819 565 881 610 jus
893 569 1048 598 natura-

523 621 601 655 liter
617 632 689 655 non
706 620 806 655 oriri.

405 678 456 712 II.
518 676 756 712 Assertionem
795 678 933 712 nudam
975 689 1048 712 non

520 735 684 779 obligyarc.

395 791 465 825 III.
519 790 1048 825 Pollicitationemnaturaliter

521 848 686 893 obli-aare,
703 848 763 882 sed
778 848 857 882 inde
874 848 978 883 alteri
985 849 1048 894 jus

519 917 591 939 non
607 906 715 939 nasci.

402 961 468 997 IV.
524 962 621 1004 Quid
647 963 692 996 sit
715 962 933 1007 promissum
955 964 1048 997 unde

520 1019 624 1053 alteri
633 1020 696 1065 jus
713 1019 840 1053 oritur.

410 1075 457 1109 V.
518 1076 671 1121 Requiri
691 1076 741 1110 ad
760 1077 821 1110 hoc
843 1076 881 1110 in
893 1077 1048 1121 promit-

520 1139 607 1167 tente
634 1145 738 1166 usum
773 1133 945 1167 rationis.-
988 1134 1048 1167 ubi

522 1190 754 1234 distinynitnr
765 1190 827 1234 jus
842 1190 1008 1223 naturale
1025 1202 1048 1223 a

523 1247 652 1291 leyibus
676 1246 833 1280 civilibus
860 1247 956 1281 circa
979 1247 1047 1280 mi-

521 1314 633 1338 nores.

395 1359 462 1393 VI.
521 1359 719 1394 Promissio
752 1360 907 1393 errantis
938 1371 988 1392 an
1017 1365 1048 1393 et

521 1422 692 1460 qnatenus
716 1416 838 1460 obliget
866 1416 1048 1449 naturali-

520 1478 582 1507 ter.

520 1528 798 1563 Promissionem
818 1540 858 1563 ea*
880 1535 973 1563 metu
990 1530 1048 1563 ob-

522 1586 644 1631 ligare,
666 1586 725 1620 sed
750 1586 811 1630 qui
831 1592 940 1619 metus
962 1597 1047 1619 can-

521 1654 599 1676 sam
622 1643 725 1682 dedit,
743 1642 851 1676 teneri
873 1643 923 1675 acl
944 1643 1046 1676 liber-

520 1700 657 1732 andum
668 1699 928 1743 promissorem.
961 1716 963 1718 ·

376 1754 482 1789 VIII.
517 1756 565 1788 Id
599 1755 693 1800 quod
728 1755 967 1800 promittitur,
1007 1761 1047 1789 ut

514 1812 702 1857 promissio
730 1812 856 1852 valeat,
891 1818 1047 1856 oportere

519 1870 557 1902 in
567 1874 733 1913 potestate
743 1869 1042 1913 sitpromittentis.

391 1924 459 1958 IX.
517 1925 578 1959 An
609 1925 798 1970 promissio
831 1926 871 1959 ob
900 1936 1047 1958 causam

518 1983 679 2016 vitiosam
717 1982 833 2015 valeat
864 1982 1046 2015 naturali-

519 2045 580 2079 ter‚
608 2051 676 2083 per
704 2038 958 2072 distinctionem
987 2050 1044 2072 σκ-

515 2096 686 2141 plicatur.

405 2151 454 2186 X.
519 2153 616 2195 Quid
645 2152 862 2186 sentiendam
889 2152 929 2185 de
956 2163 1045 2196 pro-

518 2209 679 2243 missione
703 2210 815 2254 facta
850 2209 900 2242 ad
930 2220 1043 2243 consc-

520 2267 695 2310 quendam
736 2277 810 2300 rem
842 2266 924 2312 jam
965 2271 1045 2299 ante

520 2323 681 2356 debitam.

386 1528 472 1563 VII.

1159 506 1230 541 XI.
1288 505 1420 540 Modus
1448 506 1564 541 valide
1580 503 1814 552 promittendi

1282 573 1349 607 per
1365 574 1428 596 nos
1444 562 1547 608 ipsos.

1155 619 1245 654 XII.
1287 619 1419 653 Modus
1446 620 1561 654 valide
1579 618 1814 665 promittendi

1280 687 1349 721 per
1368 676 1457 710 alios
1469 688 1482 715 ,·
1511 676 1571 710 ubi
1587 682 1618 710 et
1634 677 1674 710 de
1691 676 1813 721 leyatis

1285 732 1459 766 mandata
1479 733 1722 767 excedentibus.

1139 788 1250 825 XIII.
1283 789 1511 823 Exercitoria
1522 795 1552 824 et
1563 789 1742 823 institoria
1752 789 1812 823 ob-

1287 846 1469 891 liyationes
1488 851 1658 891 quatenus
1679 856 1720 880 ev
1728 846 1813 892 jure

1287 909 1431 937 naturae
1454 903 1662 948 procedant,
1690 902 1752 936 ubi
1781 906 1814 936 et

1278 960 1377 1006 juris
1408 959 1570 994 Romani
1607 970 1709 994 error
1747 969 1813 993 no-

1286 1023 1397 1052 tatur.

1143 1073 1249 1108 XIV.
1287 1074 1350 1108 Ad
1370 1072 1617 1119 promissionis
1643 1072 1813 1107 validita-

1288 1136 1355 1165 tem
1372 1131 1643 1175 acceptationem
1662 1129 1809 1175 requiri.

1154 1187 1240 1222 XV.
1285 1186 1348 1221 An
1382 1187 1571 1232 acceptatio
1607 1187 1814 1221 innotescere

1285 1245 1403 1278 debeat
1414 1243 1636 1289 promissori,
1653 1254 1720 1288 per
1741 1243 1812 1278 dis-

1286 1301 1487 1335 tinctionem
1503 1300 1712 1345 explicatur.

1142 1357 1247 1391 XVI.
1283 1357 1813 1402 Revocaripromissionempos-

1286 1425 1329 1455 se,
1346 1419 1484 1447 mortuo
1502 1420 1583 1447 ante
1604 1414 1813 1458 acceptatio-

1285 1481 1363 1504 nem
1381 1470 1438 1504 cui
1447 1471 1665 1515 promissum
1680 1476 1768 1504 erat.

1135 1526 1260 1561 XVII.
1288 1526 1350 1560 An
1369 1533 1399 1561 et
1423 1527 1640 1561 internuntio
1661 1532 1814 1568 mortuo,

1282 1595 1350 1628 per
1362 1583 1596 1618 distinctiones
1603 1584 1811 1629 escplicatur.

1125 1640 1268 1675 XVIII.
1284 1639 1347 1673 An
1368 1641 1569 1674 revocabilis
1592 1641 1637 1674 sit
1656 1640 1814 1686 promis-

1283 1697 1345 1737 sio,
1366 1697 1560 1742 acceptione
1572 1708 1639 1742 per
1660 1697 1814 1731 alterum

1274 1755 1393 1800 sacta,
1405 1765 1473 1798 per
1496 1753 1732 1789 distinctiones
1754 1765 1813 1788 ese-

1280 1810 1455 1854 plicatur.

1141 1866 1250 1901 XIX.
1286 1866 1386 1900 Onus
1410 1865 1584 1911 promisso
1613 1866 1722 1913 adjici
1744 1877 1812 1912 quo

1284 1929 1435 1968 tempore
1459 1922 1582 1967 possit.

1150 1979 1239 2015 XX.
1286 1979 1466 2021 Quomodo
1483 1979 1713 2014 convalescere
1727 1991 1812 2025 pos-

1283 2036 1327 2070 sit
1348 2036 1510 2069 invalida
1524 2036 1724 2081 promissio.

1140 2093 1248 2127 XXI.
1286 2093 1544 2126 Promissiones
1586 2093 1660 2127 sine
1702 2104 1812 2128 cansa

1284 2149 1502 2183 naturaliter
1512 2160 1583 2183 non
1595 2160 1660 2183 esse
1672 2149 1810 2184 irritas.

1135 2206 1265 2241 XXII.
1288 2206 1360 2248 Qui
1373 2207 1523 2251 factum
1551 2206 1708 2240 alienum
1722 2217 1811 2250 pro-

1283 2263 1378 2296 misit
1405 2263 1456 2296 ad
1483 2263 1570 2308 quid
1595 2262 1812 2297 naturaliter

1285 2325 1455 2354 teneatur.

349 2420 380 2460 I.
433 2421 457 2460 1
579 2410 846 2461 ERDUXIT
881 2433 956 2461 nos
987 2418 1088 2460 ordo
1117 2417 1171 2460 ad
1205 2416 1499 2474 obligationem
1527 2431 1620 2473 quae
1642 2432 1694 2460 ex
1716 2431 1812 2474 pro-

597 2485 728 2526 missis
756 2485 913 2526 oritur:
950 2484 1020 2526 ubi
1048 2483 1186 2526 statim
1211 2497 1254 2525 se
1279 2482 1396 2524 nobis
1425 2482 1564 2539 objicit
1587 2483 1651 2525 vir
1675 2483 1812 2525 erudi-

131 2563 327 2592 Lib.i.6;v.1.
348 2549 471 2592 tionis
508 2550 673 2593 minime
704 2550 889 2608 vulgaris
918 2549 1162 2592 Franciscus
1195 2549 1426 2592 Connanus.

790 2736 971 2771 CHAPTER
991 2737 1061 2772 XI.

1497 2549 1539 2590 Is
1570 2548 1679 2591 enim
1706 2549 1813 2590 hanc

1116 2736 1176 2783 Of
1191 2736 1381 2771 Promises.

419 2811 450 2846 Ι.
508 2815 525 2846 1
560 2812 639 2848 The
661 2814 771 2849 order
796 2815 839 2850 of
861 2826 929 2850 our
948 2815 1050 2850 work
1074 2815 1141 2849 has
1161 2814 1224 2850 led
1247 2826 1290 2849 us
1311 2817 1350 2848 to
1375 2812 1440 2848 the
1464 2810 1668 2856 obligation
1691 2809 1813 2845 which

349 2868 462 2903 arises
481 2868 580 2904 from
604 2871 792 2915 promises.
841 2871 926 2905 And
946 2872 1037 2907 here
1054 2882 1108 2907 we
1125 2875 1165 2906 at
1185 2881 1278 2906 once
1294 2870 1372 2904 find
1390 2868 1554 2915 opposed
1570 2871 1609 2902 to
1626 2878 1669 2903 us
1686 2878 1709 2902 a
1725 2877 1814 2901 man
