2018 3204
219 142 309 178 CAP.
329 142 474 187 XVII]
521 144 867 180 OBLIGATIONE
900 145 1020 186 QUAE
1050 144 1175 179 INDE
1209 144 1415 179 ORITUR.
1594 139 1672 180 191

217 257 292 302 est,
315 253 379 294 cui
403 252 444 294 id
469 258 530 295 cst
558 267 819 309 consequens,
848 259 894 296 ut
916 253 1149 295 libertatem
1173 253 1382 296 testatoris
1404 253 1446 295 in
1475 268 1523 295 eo
1547 254 1674 310 impe-

217 318 307 360 dire
329 318 478 373 injuria
501 318 565 361 sit.

316 385 391 425 IV.
442 384 579 425 Minus
602 389 739 426 autem
763 384 852 440 quis
869 384 1035 434 habere,
1060 399 1107 426 ac
1125 385 1296 441 proinde
1315 385 1506 427 damnum
1530 385 1672 428 fecisse

214 447 480 505 intelligetur,
503 464 583 490 non
607 449 647 490 in
676 464 722 491 re
744 456 916 499 tantum,
948 451 1020 492 sed
1043 456 1086 492 et
1109 451 1151 492 in
1182 451 1382 492 fructibus
1406 451 1476 506 qui
1503 452 1671 507 proprie

213 513 275 554 rei
298 514 455 555 fructus
478 520 585 563 sunt,
610 513 694 555 sive
718 515 774 556 illi
800 516 981 571 percepti
1009 523 1115 564 sunt,
1141 517 1225 558 sive
1248 531 1342 566 non,
1367 517 1400 558 si
1423 523 1560 558 tamen
1584 517 1671 573 ipse

212 593 283 620 eos
314 584 581 634 percepturus
616 578 763 628 fuerat,
801 580 984 621 deductis
1018 581 1209 636 impensis
1241 582 1387 637 quibus
1426 597 1493 624 res
1526 583 1670 624 melior

212 643 323 685 facta
346 650 420 694 est,
444 650 516 686 aut
545 658 637 700 quae
660 645 712 686 ad
735 645 890 686 fructus
914 645 1196 701 percipiendos
1226 648 1393 689 fuerunt
1415 648 1667 697 necessaria),

212 723 264 751 ex
287 710 433 766 regula
456 724 548 765 quae
570 725 642 751 nos
666 716 779 752 vetat
802 709 1087 766 locupletiores
1117 711 1206 752 fieri
1228 727 1318 753 cum
1342 713 1474 754 aliena
1489 713 1666 768 Jactura.

309 776 360 817 V.
421 776 503 817 Sed
526 782 568 818 et
591 790 683 831 spes
706 775 807 818 lucri
838 791 889 817 ex
913 782 1053 818 nostro
1083 777 1364 826 aestimabitur,
1393 793 1475 819 non
1499 784 1545 819 ut
1567 778 1669 820 illud

210 839 355 897 ipsum,
381 842 453 883 sed
477 842 696 883 secundum
722 841 1068 898 propinquitatem
1091 843 1145 884 ad
1176 848 1325 892 actum,
1350 849 1396 885 ut
1419 843 1462 884 in
1487 850 1667 886 semente
1686 853 1872 912 7¹3²?251225‘Zni1

211 921 304 962 spes
327 907 477 949 messis.
1687 910 1845 968 ssagffiv·

310 973 388 1015 VI.
445 974 656 1015 Tenentur
678 979 829 1023 autem,
848 979 1001 1029 praeter
1024 974 1156 1030 ipsum
1180 973 1249 1030 qui
1268 989 1342 1030 per
1365 989 1408 1016 se
1432 980 1474 1017 et
1495 971 1665 1026 ἀμέσως
1685 993 1816 1022 rhome,
1831 995 1853 1018 2.

210 1038 402 1080 damnum
435 1039 519 1088 dat,
548 1038 617 1081 alii
638 1054 800 1094 quoque
836 1039 1021 1081 faciendo
1053 1046 1125 1082 aut
1159 1055 1241 1082 non
1268 1041 1469 1082 faciendo.
1525 1043 1666 1083 2Fa0i-
1684 1024 1884 1086 gz'tsslt'ixi-'q-fi·

209 1104 315 1145 endo
347 1104 416 1146 alii
449 1104 656 1160 primario,
687 1105 756 1146 alii
791 1105 1057 1148 secundario:
1089 1105 1298 1161 primario,
1332 1106 1402 1162 qui
1431 1106 1563 1162 jubet,
1597 1108 1667 1163 qui
1684 1089 1732 1110 m
1745 1086 1769 1110 5'

208 1183 445 1212 consensum
470 1170 707 1225 requisitum
728 1171 909 1221 adhibet,
939 1171 1008 1227 qui
1031 1172 1214 1228 adjuvat,
1235 1172 1304 1227 qui
1326 1179 1537 1229 receptum
1561 1188 1668 1230 prae-

207 1240 304 1285 stat,
330 1242 402 1278 aut
425 1236 495 1291 qui
519 1236 598 1278 alio
623 1236 742 1278 modo
766 1237 808 1278 in
831 1236 919 1292 ipso
943 1237 1112 1280 crimine
1135 1238 1367 1294 participat.

308 1303 405 1344 VII.
463 1302 726 1353 Secundario‚
762 1302 831 1358 qui
859 1303 1067 1344 consilium
1100 1304 1184 1353 dat,
1210 1304 1386 1353 Claudat,
1419 1310 1663 1348 assentatur.

212 1369 329 1416 Quid
351 1369 462 1410 enim
484 1370 657 1410 interest
678 1364 816 1410 dinter
838 1384 1055 1411 suasorem
1067 1371 1192 1425 facti
1214 1378 1253 1412 et
1268 1371 1543 1425 probatorem
1558 1373 1580 1412 ,Ρ
1606 1372 1666 1414 ait

209 1433 352 1475 Cicero
377 1434 605 1489 Philippica
628 1435 815 1476 secunda.
1683 1451 1796 1482 cmm.

304 1500 426 1541 VIII.
483 1500 579 1541 Non
610 1500 795 1542 faciendo
825 1499 922 1542 item
949 1499 1145 1556 primario
1179 1507 1251 1543 aut
1279 1501 1544 1552 secundari03
1581 1502 1668 1559 pri-

207 1612 366 1642 habendus
379 1617 431 1643 est.
473 1614 569 1652 (Cap.
586 1614 651 1653 25.)
694 1614 849 1652 Ulpianus
870 1614 902 1643 in
1026 1614 1041 1634 d
1062 1615 1149 1643 Inter
1159 1614 1409 1652 suasoremfactz'
1419 1615 1666 1654 ctprobcztorcm]

207 1662 277 1692 Lib.
294 1672 316 1692 1.
333 1673 358 1692 c.
374 1664 413 1692 de
427 1673 516 1692 servo
531 1668 698 1702 corrupto:
722 1665 767 1693 Et
787 1664 815 1693 si
834 1667 903 1693 erat
967 1665 1120 1702 Applicat
1149 1665 1208 1693 hoe
1231 1664 1350 1693 dictum
1376 1665 1481 1693 Probo
1516 1666 1666 1703 praefecto

207 1723 313 1742 servus
333 1714 503 1743 omnimodo
514 1715 697 1752 fuyiturus,
717 1715 765 1743 vel
775 1714 902 1752 fiir-tum
967 1715 1165 1750 Ammianus,
1179 1714 1260 1743 libro
1273 1714 1489 1752 xxvu.(cap.
1506 1716 1554 1752 2.)
1579 1715 1666 1753 Lege

196 1763 358 1800 facturus,
381 1764 432 1792 'cic
450 1772 520 1792 vero
538 1764 687 1792 laudator
702 1764 767 1799 ejus
780 1773 901 1801 propo-
966 1764 1216 1802 Langobardica,
1238 1764 1310 1792 Lib.
1326 1772 1348 1793 1.
1365 1764 1414 1793 tit.
1431 1766 1458 1792 4.
1475 1764 1570 1793 etiam
1588 1774 1663 1793 con-

204 1812 378 1849 sitificmit,
390 1817 506 1842 tenetur
517 1823 526 1841 .·
543 1814 691 1843 nonenim
705 1816 823 1851 oportet
831 1813 901 1842 lau-
965 1814 1071 1842 sulens
1085 1814 1124 1842 ad
1139 1813 1399 1851 compositionem
1414 1816 1554 1843 vocatur.
1583 1814 1666 1844 Vide

205 1860 310 1890 dando
323 1863 435 1900 auqerz’
448 1863 572 1892 malum.
964 1863 1060 1893 Rom.
1074 1863 1095 1893 i.
1111 1863 1142 1891 in
1157 1862 1230 1899 fine,
1243 1866 1276 1892 et
1290 1863 1333 1892 ibi
1348 1866 1468 1892 veteres
1484 1864 1663 1902 scriptores.

202 2024 286 2065 loss,
303 2027 368 2058 not
390 2024 476 2069 only
496 2024 534 2058 in
555 2023 619 2059 the
636 2024 743 2069 thing
759 2025 878 2060 which
894 2025 1047 2071 belongs
1064 2030 1102 2060 to
1120 2026 1208 2068 him,
1224 2027 1292 2062 but
1309 2028 1346 2061 in
1363 2027 1428 2063 the
1445 2029 1608 2074 produce
1625 2031 1668 2065 of

201 2081 266 2117 the
286 2081 402 2126 thing,
423 2081 589 2116 whether
605 2081 653 2116 he
674 2082 738 2116 has
757 2082 937 2117 collected
958 2083 1048 2117 such
1065 2083 1241 2129 produce,
1261 2095 1303 2118 or
1324 2085 1411 2130 only
1431 2086 1553 2120 would
1569 2087 1662 2122 have

202 2138 381 2173 collected
403 2139 453 2173 it:
482 2139 556 2172 and
577 2138 633 2173 his
656 2139 728 2173 loss
750 2140 903 2174 consists
924 2140 962 2173 in
984 2140 1065 2174 that
1085 2141 1259 2185 produce,
1280 2142 1398 2176 minus
1418 2142 1482 2177 the
1502 2153 1662 2188 expense

201 2195 245 2230 of
268 2195 475 2241 improving
494 2195 557 2229 the
579 2196 695 2240 thing,
715 2196 788 2230 and
806 2196 849 2231 of
867 2196 1063 2242 collecting
1083 2197 1147 2232 the
1167 2198 1343 2243 produce.

272 2252 319 2285 V.
370 2251 458 2286 Also
485 2252 549 2286 the
576 2252 674 2297 hope
699 2252 742 2286 of
764 2253 849 2298 gain
876 2254 973 2287 from
1003 2264 1025 2287 a
1049 2253 1156 2299 thing
1187 2255 1306 2289 which
1333 2256 1363 2290 is
1391 2266 1476 2290 ours
1504 2268 1590 2303 may
1613 2257 1661 2292 be

200 2309 408 2349 esffimated,
429 2313 495 2342 not
515 2319 554 2342 as
572 2308 669 2342 what
691 2309 719 2343 it
740 2309 769 2343 is
790 2310 934 2355 simply,
951 2310 1019 2344 but
1039 2311 1237 2358 according
1256 2316 1295 2347 to
1316 2313 1362 2347 its
1391 2319 1585 2359 prospect3
1620 2325 1660 2349 as

201 2365 265 2399 the
282 2364 378 2410 hope
396 2365 439 2398 of
456 2365 518 2399 the
539 2364 687 2400 harvest
708 2366 745 2399 in
763 2366 826 2401 the
843 2378 970 2401 sower.

269 2421 335 2456 VI.
387 2421 538 2456 Besides
558 2422 636 2456 him
662 2422 742 2456 who
759 2423 1012 2471 immediately
1032 2436 1158 2460 causes
1175 2424 1239 2460 the
1259 2425 1343 2467 loss,
1367 2426 1492 2461 others
1512 2438 1597 2473 may
1612 2428 1661 2463 be

199 2478 337 2519 bound,
355 2477 475 2512 either
495 2478 544 2524 by
565 2479 677 2524 doing
694 2490 735 2514 or
750 2484 815 2514 not
833 2481 955 2527 doing.

271 2535 327 2580 ny
354 2535 477 2579 doing,
505 2546 606 2570 some
627 2536 827 2582 primarily,
849 2537 974 2573 others
995 2539 1247 2585 secondarily:
1281 2539 1489 2585 Primarily,
1507 2540 1555 2575 he
1576 2541 1657 2577 who

199 2592 411 2627 commands
432 2592 472 2632 it,
487 2592 568 2627 who
585 2593 684 2637 gives
701 2592 765 2628 the
782 2595 957 2639 requisito
978 2600 1141 2636 consent,
1162 2596 1243 2631 who
1261 2595 1377 2641 hclps,
1394 2597 1475 2631 who
1496 2599 1657 2634 receives

198 2648 296 2682 what
317 2649 346 2683 is
365 2648 486 2690 taken,
508 2660 550 2683 or
570 2649 650 2683 who
671 2650 910 2696 participates
933 2652 970 2685 in
992 2651 1055 2686 the
1076 2653 1190 2687 crime
1211 2653 1250 2686 in
1270 2664 1342 2698 any
1363 2653 1471 2688 other
1488 2666 1578 2700 way.

266 2706 350 2739 VII.
406 2706 655 2752 Secondarily,
677 2706 757 2740 who
775 2708 926 2749 advises,
947 2709 1096 2753 praises,
1117 2720 1308 2755 approves.
1363 2710 1433 2745 See
1455 2711 1594 2747 Cicero.

264 2763 369 2798 VIII.
422 2763 508 2797 Also
529 2763 578 2809 by
598 2768 664 2798 not
688 2763 809 2810 doing,
830 2765 1021 2811 primarily
1046 2765 1119 2799 and
1143 2766 1384 2813 secondarily.
1446 2769 1656 2816 Primarily,

195 2819 303 2854 when
325 2831 395 2855 one
415 2820 495 2854 who
517 2820 564 2866 by
586 2820 641 2855 his
663 2831 799 2867 proper
819 2822 918 2868 right
938 2821 1053 2868 ought
1068 2826 1105 2858 to
1123 2823 1246 2859 forbid
1263 2823 1326 2859 the
1343 2828 1414 2867 act,
1431 2837 1474 2861 or
1488 2825 1575 2872 help
1592 2826 1657 2862 tho

196 2886 331 2923 person
352 2878 534 2923 wronged,
554 2877 641 2913 does
661 2882 738 2914 not.
