2018 3204
334 162 415 202 262
924 171 992 204 DE
1023 170 1203 204 POENIS.
1634 168 1728 212 [Lm.
1745 169 1795 204 11.

335 277 623 336 magistratum
642 278 862 335 designari,
887 283 928 319 et
946 277 1110 332 quidem
1129 283 1372 333 perpetuum
1389 294 1397 320 ε
1421 292 1516 319 nam
1535 277 1623 334 ipsa
1639 284 1798 320 naturae

335 345 428 402 lege
467 345 504 387 ei
539 345 810 401 principatum
852 343 1017 392 deferri,
1058 344 1127 399 qui
1163 350 1262 401 agat
1289 343 1414 399 justa.
1481 344 1548 386 Sic
1571 344 1798 399 sapientem

118 427 259 460 Tusaqu.
336 425 544 466 nunquam
580 425 667 451 esse
702 409 911 464 privatum
943 409 1104 450 Nasicae
1139 410 1325 466 exemplo
1361 410 1511 465 probat
1540 409 1719 459 Tullius3
1756 414 1799 452 et

116 458 204 481 'vm'
337 476 510 517 Lollium
545 490 625 516 non
661 474 779 516 unius
813 474 909 516 anni
941 475 1145 517 consulem
1181 475 1380 517 Horatius
1414 481 1561 518 vocat:
1598 480 1640 518 et
1675 474 1798 517 Euri-

336 542 452 598 pides
476 542 708 597 Iphigyenia
730 542 779 582 in
801 542 962 582 Aulide
986 543 1110 596 (vers.
1134 540 1242 595 375)
1262 557 1271 584 t

565 621 694 655 Mente
715 621 778 666 qui
797 620 982 666 prudente
1002 621 1119 666 pollet
1139 622 1169 656 is
1189 621 1449 666 magistratum
1468 620 1576 666 gerit.

339 685 442 734 Quae
466 691 604 727 tamen
626 685 668 727 in
692 685 902 742 republica
925 685 1194 743 intelligenda
1217 691 1324 736 sunt,
1350 691 1553 741 quatenus
1576 685 1663 742 ejus
1685 685 1801 743 leges

335 750 377 792 id
401 752 553 795 ferunt.

117 837 287 893 §effipiam
437 819 464 858 3
512 819 577 859 De
612 818 688 859 hoc
722 816 902 859 naturali
930 816 1027 872 jure
1061 817 1121 860 ita
1151 817 1333 874 loquitur·
1356 816 1642 859 Democritus:
1674 815 1800 873 ipsius

340 883 447 926 enim
483 885 612 926 verba
643 884 739 939 quia
774 884 970 925 notabilia
1005 889 1100 925 sunt
1134 884 1332 926 adferam.
1397 883 1580 924 Primum
1618 883 1670 925 de
1701 882 1799 938 jure

340 949 492 992 bestias
516 949 786 991 interficiendi
810 949 866 991 sic
889 949 946 991 illi
969 949 1159 994 videtur:
1197 969 1313 993 κατα
1349 945 1393 992 δὲ
1428 946 1546 1010 ζώων
1568 945 1703 1010 φόνου
1729 967 1798 991 και

339 1036 398 1068 μη
445 1013 583 1076 φονου
629 1011 706 1059 ωδε
754 1012 865 1077 ἔχει’
911 1036 970 1059 'Ta
1014 1011 1244 1060 αδιΚέΟνΤα
1289 1036 1357 1059 Καί
1407 1015 1597 1059 θΕλΟνΤα
1643 1011 1798 1059 adem-:tv

338 1080 471 1140 (1910ος
507 1102 530 1125 Ο
565 1101 752 1131 ΚΤΕίῑΙων,

338 1153 418 1192 λον
448 1144 476 1201 ἧ
504 1146 591 1200 μή

338 1216 407 1256 ita
442 1229 485 1262 se
519 1230 586 1256 res·
619 1216 775 1256 habet.-

787 1102 856 1124 και
889 1102 996 1140 προς
1029 1077 1074 1126 εὖ
1109 1078 1203 1127 ’ἐστ’
1241 1077 1314 1126 οὑν
1349 1102 1487 1126 τουτο
1518 1077 1655 1141 ἕρδειν
1685 1083 1797 1130 μᾶλ-

628 1150 678 1190 de
714 1149 957 1190 occidendzs
994 1157 1072 1190 azot
1110 1164 1194 1190 non
1229 1150 1472 1191 occidendis
1503 1148 1799 1190 ammantibus

811 1229 904 1269 quac
940 1215 1151 1268 injuriam
1174 1217 1358 1270 faciunt
1382 1223 1460 1256 auc
1475 1216 1630 1269 facere
1652 1215 1799 1255 volunt

338 1282 531 1335 quisquis
567 1281 782 1329 occiderit,
812 1295 956 1335 purus
993 1289 1065 1330 est,
1105 1282 1211 1322 adeo
1249 1283 1420 1336 quidem
1457 1289 1505 1322 ut
1538 1282 1615 1322 hoc
1638 1280 1798 1336 fecisse

335 1395 388 1425 καὶ
416 1395 480 1434 ’γάρ
505 1394 607 1434 τέχνη
630 1395 672 1424 τὸ
701 1394 817 1433 ἄρχειν
844 1395 949 1432 ἐστιν,
976 1397 1034 1425 οὐκ

333 1445 463 1484 ἀξίωμα
486 1445 593 1484 μόνον,
616 1445 669 1474 καὶ
689 1445 791 1483 τέχνη
815 1446 944 1483 τεχνῶν
965 1457 1032 1474 πα-

334 1497 400 1525 σῶν
422 1495 581 1533 α’νωτέρα·
625 1495 733 1524 Etiam
754 1498 920 1533 antequam
941 1503 1033 1523 manu

328 1546 480 1585 populum
494 1546 644 1582 educeret,
666 1545 729 1573 dux
743 1548 812 1574 erat
826 1545 904 1582 ipsis
916 1545 1031 1583 sactis.

339 1596 435 1626 Valde
450 1596 548 1634 iqitur
561 1596 651 1625 stulte
666 1595 814 1625 Ηεῑιναιιε
828 1595 881 1624 ille
890 1595 918 1623 ei
933 1595 1029 1624 dixit.-

335 1646 405 1685 quz's
420 1650 447 1675 te
461 1646 617 1675 constituit
631 1646 721 1674 nobis
737 1646 912 1684 principem
925 1655 963 1674 ac
973 1645 1031 1682 ju-

336 1695 457 1725 dicem?
501 1695 589 1734 Quid
601 1695 814 1733 dicis?facta
827 1695 921 1732 vids-s,
943 1699 971 1724 et
994 1695 1032 1724 de

331 1746 450 1775 nomine
475 1746 563 1784 facis
594 1747 836 1775 controversiam
847 1756 861 1782 ;
895 1746 977 1775 velut
1002 1747 1031 1775 si

330 1797 400 1834 quis
414 1796 562 1825 medicum
575 1796 681 1825 videat
697 1797 809 1834 optime
828 1800 978 1825 secantem
993 1805 1031 1826 ac

331 1846 377 1874 sz'c
396 1846 597 1883 opitulantem
619 1855 703 1884 oeqro
725 1847 867 1884 corporis
888 1847 1030 1883 membro,

332 1895 442 1924 deinde
456 1896 485 1924 εἰ
499 1895 596 1929 dicat,
614 1895 686 1933 quis
711 1899 738 1924 te
753 1896 911 1924 constituit
933 1896 1028 1925 medi-

332 1955 409 1982 cum,
424 1944 493 1983 quis
506 1954 612 1974 secare
623 1945 771 1982 praeccpz't
782 1944 797 1973 ?
819 1954 883 1981 ars,
900 1945 943 1973 mi
955 1945 1030 1973 bone

331 1995 392 2031 vir,
414 1999 443 2024 et
466 1995 589 2023 morbus
612 1998 702 2024 tuus:
725 1994 771 2024 sic
793 1998 821 2024 et
833 1995 954 2024 Mosem
972 2005 1030 2024 sua

326 2047 447 2084 peritia
462 2047 553 2075 talem
559 2046 640 2083 fecit
647 2056 660 2081 ;
674 2055 745 2074 nam
761 2050 789 2075 et
803 2047 956 2084 imperare
971 2056 1030 2074 non

331 2096 472 2134 diynitas
485 2099 603 2124 tantum
616 2099 671 2132 est,
686 2096 742 2124 sed
754 2099 780 2124 et
791 2105 857 2133 ars,
872 2096 1031 2134 etquidem

331 2147 447 2175 artium
461 2146 594 2174 omnium
608 2146 838 2174 sublimissima.
855 2146 967 2184 (Tom.
977 2155 1031 2176 111.

331 2205 405 2234 pag.
436 2196 504 2232 631,
531 2196 600 2226 632.
649 2195 715 2224 Ed.
743 2195 863 2232 Savil.)
900 2196 1031 2225 Tractat

331 2246 413 2274 idem
434 2245 569 2283 scriptor
596 2245 656 2273 hoc
679 2244 782 2282 ipsum
807 2249 1031 2283 argumentum

331 2297 371 2325 ad
388 2297 469 2334 Eph.
485 2296 528 2326 iii.
544 2297 575 2324 in
590 2296 670 2325 fine:
695 2296 806 2334 (Tom.
822 2297 893 2326 eod.
909 2306 939 2334 p.
957 2297 1030 2335 798)

331 2345 349 2381 ἦ
373 2345 482 2375 α’δικία
505 2344 522 2381 ἠ
548 2344 589 2377 mi
613 2345 668 2374 καὶ
697 2344 713 2380 ἡ
743 2345 884 2383 ὠμότης,
916 2346 1030 2384 φησὶν,

335 2396 418 2430 αὕτη
432 2407 474 2433 με
489 2395 697 2430 κατέστησεν
708 2395 858 2434 ἄρχοντα
875 2395 927 2424 καὶ
942 2396 1031 2426 δικα-

335 2444 430 2480 στήν·
453 2448 517 2480 tua,
532 2444 646 2482 inquit,
666 2444 832 2481 injustitia,
852 2446 1033 2483 tuaseritas

331 2504 377 2524 me
386 2495 543 2524 constituit
551 2495 724 2532 principem
733 2495 911 2531 etjudz‘cem.
929 2495 1032 2533 [Pm-

332 2552 460 2573 TAcht
487 2544 587 2580 loeus,
621 2544 710 2582 cujus
737 2544 899 2573 occasione
928 2545 1034 2573 omnia

333 2716 478 2754 nature,
496 2713 686 2758 authority
706 2712 736 2746 is
760 2712 869 2758 given
896 2715 936 2747 to
965 2712 1044 2746 him
1068 2711 1149 2746 who
1180 2711 1268 2745 does
1285 2711 1363 2755 just
1387 2710 1523 2756 things.

1092 1991 1254 2031 percutio]

1099 1396 1162 1425 ista
1176 1397 1283 1426 addita
1299 1399 1383 1432 sunt,
1404 1406 1467 1425 non
1488 1397 1564 1425 satis
1586 1397 1735 1425 adcurate
1749 1404 1799 1424 re-

1099 1445 1210 1482 fertur,
1225 1449 1261 1475 ut
1275 1446 1453 1484 inspicienti
1469 1446 1599 1484 patebit.
1641 1446 1800 1475 Praeterea

1100 1494 1226 1523 illorum
1252 1496 1410 1524 sententia
1430 1498 1537 1533 posset
1560 1495 1657 1524 videri
1681 1503 1800 1532 repug-

1099 1554 1176 1574 nare
1193 1546 1356 1584 principiis
1381 1545 1532 1574 Auctoris
1553 1546 1663 1582 nostri,
1687 1548 1724 1574 ut
1748 1554 1798 1574 os-

1099 1593 1258 1622 tendimus
1296 1593 1328 1621 in
1370 1593 1499 1622 Gallicis
1542 1593 1658 1622 nostris
1692 1592 1795 1622 Notis.

1099 1645 1133 1674 J.
1148 1644 1205 1683 B]

1157 1694 1173 1716 ¹¹
1194 1695 1274 1725 Ante
1288 1694 1453 1733 diluvium]
1475 1695 1611 1733 Aliquos
1632 1696 1664 1724 et
1686 1697 1799 1733 postea

1097 1746 1194 1775 moris
1217 1747 1359 1785 primaevi
1382 1756 1557 1776 memores:
1587 1746 1634 1775 ita
1655 1745 1797 1775 Dicaear-

1099 1796 1177 1825 chus
1193 1799 1225 1825 et
1239 1796 1302 1833 alii,
1325 1806 1405 1835 quos
1421 1799 1519 1825 testes
1540 1796 1617 1824 citat
1639 1795 1795 1834 Hierony-

1097 1855 1167 1873 mus
1182 1848 1293 1874 contra
1308 1845 1521 1875 Jovinianum.
1537 1845 1641 1884 (Tom.
1653 1853 1690 1874 11.
1705 1854 1738 1883 p.
1748 1845 1798 1875 78.

1096 1894 1187 1924 Edit.
1205 1895 1326 1933 Basil.)

1156 1943 1162 1964 ¹
1187 1944 1256 1982 Quo
1271 1947 1424 1982 serpentes
1437 1947 1465 1973 et
1480 1945 1635 1974 animalia
1648 1947 1797 1974 venenata

1319 1992 1480 2031 Καθάπερ
1520 1995 1576 2022 οὖν
1619 1993 1706 2032 ἔχεις
1743 1993 1796 2023 καὶ

1098 2043 1276 2080 σκορπίους
1290 2042 1342 2072 καὶ
1358 2042 1420 2071 ὅσα
1437 2043 1567 2080 ἷοβόλα,
1587 2044 1667 2081 πρὶν
1686 2044 1796 2073 δακεῖν

1096 2092 1114 2127 ἢ
1132 2093 1259 2130 τρῶσαι
1275 2092 1327 2121 καὶ
1342 2093 1487 2122 συνόλως
1502 2092 1654 2130 ὁρμῆσαι,
1676 2093 1795 2122 θεασά-

1096 2155 1187 2181 μενοι
1206 2143 1303 2181 μόνον
1320 2143 1418 2181 χωρὶς
1445 2142 1646 2180 ὑπερθέσεως
1667 2144 1796 2172 κτείνο-

1097 2205 1167 2232 μεν,
1178 2193 1498 2231 προφυλαττόμενοι
1514 2192 1564 2222 διά
1577 2192 1639 2228 τήν
1655 2193 1796 2231 ἐνυπάρ-

1099 2254 1224 2282 χουσαν
1252 2243 1285 2272 ὲν
1322 2244 1436 2272 αὐτοῖς
1466 2243 1594 2279 κακίαν,
1628 2243 1670 2272 τὸ
1698 2244 1797 2281 μηδὲν

1098 2294 1228 2323 παθεῖν.
1250 2295 1310 2322 τὸν
1333 2293 1434 2322 αὐτὸν
1454 2292 1582 2330 τρόπον
1600 2293 1654 2322 καὶ
1673 2293 1795 2331 ἀνθρώ-

1098 2355 1181 2372 πους
1217 2342 1310 2381 ἄξιον
1343 2342 1573 2380 τιμωρεῖσθαι,
1604 2342 1635 2372 οἱ
1667 2344 1798 2381 φύσεως

1099 2393 1323 2431 ἐπιλαχόντες
1342 2392 1459 2430 ἡμέρου
1478 2391 1531 2421 ota*
1551 2392 1612 2428 τήν
1631 2394 1798 2424 κοινωνίας

1100 2444 1212 2472 αἰτίαν
1252 2442 1392 2480 λογικήν
1425 2441 1549 2480 πηγήν,
1587 2442 1798 2477 ἐπιτηδεύσει

1098 2493 1182 2531 πρὸς
1213 2491 1332 2529 θηρίων
1362 2491 1555 2520 α’τιθάσσων
1590 2491 1800 2529 α’·γριότητας

1099 2542 1385 2583 μεταβάλλουσιν,
1409 2542 1443 2572 ἐν
1460 2542 1557 2581 ἡδονῇ
1574 2542 1629 2572 καὶ
1647 2541 1798 2581 ὠφελείᾳ

1587 2710 1637 2745 So
1668 2710 1797 2746 Cicero

332 2780 463 2813 proves
482 2770 563 2804 that
581 2782 603 2804 a
631 2771 716 2804 wise
737 2781 825 2803 man
845 2770 874 2803 is
897 2781 1010 2804 never
1038 2780 1061 2803 a
1090 2769 1235 2814 private
1262 2779 1360 2808 man,
1384 2767 1434 2813 by
1462 2767 1527 2801 the
1560 2768 1730 2813 example
1757 2767 1802 2801 of

333 2825 457 2870 Scipio
486 2827 634 2861 Nasica.
684 2827 769 2861 And
789 2827 936 2861 Horace
967 2827 1055 2861 calls
1083 2826 1235 2866 Lollius,
1264 2825 1401 2860 Consul
1431 2828 1498 2859 not
1531 2824 1592 2859 for
1622 2824 1678 2858 his
1708 2834 1796 2869 year

330 2881 460 2916 alone:
492 2893 531 2916 so
558 2883 774 2928 Euripides:
807 2883 926 2918 which
947 2883 1118 2919 however
1138 2886 1237 2917 must
1256 2882 1304 2917 be
1326 2881 1552 2916 understood
1571 2880 1659 2915 with
1678 2880 1793 2915 refer-

330 2948 421 2972 ence
441 2941 480 2972 to
501 2938 564 2973 the
585 2939 671 2973 laws
693 2940 736 2974 of
751 2940 813 2974 the
834 2940 949 2975 State.
