2018 3204
188 1009 293 1033 Terent.

188 1040 299 1094 ῗόίεἶμὴ.
315 1039 342 1063 ii.
358 1039 378 1065 l.

191 1214 203 1244 ς
217 1213 254 1237 29.
271 1219 297 1238 n.
313 1214 349 1238 13.

410 92 494 132 400
893 99 960 133 DE
994 98 1172 134 CAUSIS
1202 98 1389 134 DUBIIS.
1708 93 1804 142 [Lm.
1823 97 1874 132 11.

409 206 653 263 tissimisque
683 206 867 249 nitantur
897 206 1142 249 auctoribus.
1200 206 1267 247 Sic
1292 204 1467 247 Romani
1498 210 1657 248 veteres
1682 220 1763 248 non
1796 206 1874 248 nisi

411 274 591 315 consulto
619 272 788 330 collegio
820 272 1020 313 fecialium
1050 273 1104 314 ad
1134 272 1177 314 id
1201 271 1399 321 instituto,
1432 271 1710 327 Imperatores
1735 272 1874 314 Chris-

411 339 512 381 tiani
536 338 605 380 vix
637 338 713 379 nisi
742 337 891 379 auditis
922 338 1133 394 episcopis,
1166 337 1274 379 bella.
1302 337 1586 393 suscipiebant,
1620 343 1678 387 ut,
1712 337 1746 379 si
1773 337 1873 393 quid

411 410 530 453 esset,
556 403 666 459 quod
689 403 928 460 religionem
953 410 1090 460 posset
1112 403 1290 459 injicere,
1317 403 1404 459 ejus
1427 408 1703 445 monerentur.

510 471 560 512 V.
621 471 645 511 1
693 469 891 511 Accidere
920 476 1057 511 autem
1085 469 1127 511 in
1159 468 1295 510 multis
1323 468 1610 511 controversiis
1645 474 1793 525 potest,
1826 474 1872 512 ut

408 535 462 577 ab
486 540 662 591 utraque
693 541 813 591 parte
841 535 1068 591 probabilia
1092 550 1135 577 se
1166 535 1384 577 ostendant
1413 540 1670 591 argumenta,
1701 535 1788 577 sive
1812 535 1873 576 in-

408 600 597 651 trinseca,
628 601 714 643 sive
748 601 800 643 ab
828 601 1002 643 aliorum
1033 601 1288 643 auctoritate.
1350 600 1400 642 Id
1428 615 1518 642 cum
1550 600 1708 651 accidit,
1740 601 1774 642 si
1805 616 1873 643 res

407 667 632 709 mediocres
666 673 772 716 sunt,
809 667 860 708 de
895 667 1041 722 quibus
1076 667 1227 724 agitur,
1259 666 1423 708 videtur
1458 666 1556 708 vitio
1586 681 1727 708 carere
1756 682 1873 723 posse

408 733 564 784 electio,
601 733 643 774 in
682 732 881 775 utramvis
916 738 1077 788 partem
1117 732 1330 774 occideret.
1396 733 1464 781 At,
1501 731 1535 773 si
1567 732 1617 773 de
1651 746 1698 773 re
1733 732 1872 789 magni

407 799 614 849 momenti,
643 804 689 841 ut
712 799 764 840 de
791 798 988 855 supplicio
1012 798 1176 855 capitali
1198 797 1383 846 hominis,
1414 796 1565 853 agitur,
1591 797 1676 852 jam
1701 805 1872 854 propter

407 879 602 921 magnum
633 864 863 914 discrimen,
894 865 1003 920 quod
1027 870 1090 907 est
1124 864 1232 906 inter
1262 863 1463 921 eligenda,
1494 863 1782 919 gpraeferenda
1809 870 1872 906 est

406 944 504 987 pars
527 930 666 981 tutior,
690 936 737 972 ut
760 930 838 973 dici
862 931 991 973 solet:

722 1011 767 1045 In
787 1011 896 1045 istam
916 1014 1062 1056 partem
1082 1010 1205 1055 potius
1226 1013 1379 1056 peccato
1400 1015 1539 1045 tamen.

407 1075 506 1118 Ideo
547 1075 674 1118 satius
715 1082 776 1118 est
810 1082 1023 1118 nocentem
1058 1076 1285 1125 absolvere,
1325 1090 1447 1131 quam
1485 1075 1740 1117 innocentem
1777 1089 1870 1117 con-

405 1142 611 1184 demnare.

493 1210 519 1250 2
570 1207 754 1263 Scriptor
773 1207 1071 1263 problematum
1092 1222 1183 1263 quae
1206 1207 1437 1249 Aristotelis
1455 1222 1602 1249 nomen
1621 1207 1867 1263 praeferunt:

405 1271 591 1317 ἕκαστος·
616 1271 729 1326 ἡμῶν
751 1276 921 1324 μᾶλλον
945 1270 1000 1317 ἂν
1030 1271 1268 1332 προέλοιτο
1301 1275 1382 1317 τοῦ
1407 1268 1652 1320 ἀδικοῦντος
1683 1271 1865 1333 α’ποψη-

404 1339 625 1400 φίσασθαι
651 1336 700 1385 ὠς
719 1337 793 1382 οὐκ
812 1334 955 1388 ἀδικεῖ,
977 1360 1001 1391 η
1026 1342 1106 1383 τοῦ
1126 1337 1184 1391 μή
1201 1334 1438 1383 ἀδικοῦντος
1461 1341 1866 1399 καταψηφίσασθαι

403 1404 457 1450 ὠς
486 1403 559 1449 οὐκ
586 1400 719 1449 ἀδικεῖ
750 1405 913 1460 (quibus
941 1405 983 1446 in
1015 1405 1151 1447 verbis
1183 1405 1306 1461 vulgo
1335 1419 1410 1460 pro
1441 1400 1683 1451 ἀδικοῦντος
1714 1405 1868 1461 legitur

402 1469 457 1525 μή
482 1467 739 1520 ἀδικοῦντος,
766 1477 808 1513 et
831 1472 991 1525 contra)
1016 1487 1134 1513 nemo
1165 1479 1224 1513 est
1248 1479 1450 1519 nostrum,
1476 1470 1546 1520 ait,
1573 1472 1649 1526 qui
1672 1486 1755 1512 non
1777 1486 1869 1512 ma-

405 1540 457 1580 lit
481 1539 695 1580 absolvere
723 1540 919 1593 quamvis
942 1546 1165 1586 nocentem,
1199 1552 1326 1593 quam
1354 1539 1566 1579 damnare
1594 1538 1866 1579 innocentem.

402 1604 461 1647 Et
484 1619 579 1646 mox
601 1604 717 1646 addit
745 1603 958 1652 rationem,
993 1618 1113 1659 quam
1134 1602 1221 1660 jam
1253 1603 1465 1645 dedimus:
1503 1598 1605 1646 ’ἐστι
1629 1601 1732 1663 νγᾶρ,
1759 1600 1868 1646 ὅταν

462 1730 477 1751 g
498 1722 704 1761 Prajferemla
725 1725 768 1751 est
782 1730 864 1760 pars
885 1719 996 1758 tutior]
1020 1720 1100 1749 Am-

400 1773 523 1802 mianus
551 1772 754 1801 Marcellinus
781 1771 861 1799 libro
890 1779 1019 1799 xxvn1.
1063 1770 1100 1799 Si

401 1822 615 1860 implacabiles
634 1821 803 1850 iracuncliae
825 1823 905 1855 sunt,
919 1830 1037 1848 summa
1057 1823 1101 1849 est

404 1871 558 1900 acerbitas
573 1881 581 1899 :
605 1871 653 1898 sin
669 1873 768 1898 autem
782 1869 967 1903 exorabiles,
981 1879 1100 1897 summa

401 1922 512 1951 levitas
526 1931 535 1950 .·
559 1930 628 1959 quoe
647 1924 755 1955 tamen,
770 1922 804 1947 ut
818 1919 850 1946 in
863 1919 965 1953 malis,
979 1919 1099 1946 acerbi-

402 1972 461 2001 tati
475 1971 687 2009 anteponenda
701 1973 753 1998 est.
780 1969 874 2007 [Cap.
890 1970 909 1998 i.
926 1979 957 2007 p.
974 1969 1041 1998 562.
1061 1978 1099 1997 ex

403 2022 556 2051 Cicerone
571 2021 615 2049 ad
633 2020 671 2057 Q.
685 2019 843 2054 Fratrem,
860 2018 961 2056 Epist.
977 2018 1016 2056 1.]
1054 2017 1099 2047 Et

1229 1719 1244 1741 h
1269 1720 1381 1749 Omnia
1389 1719 1483 1758 prius
1497 1719 1634 1758 experiri
1647 1729 1740 1758 quam
1754 1717 1867 1758 armis]

1171 1770 1341 1809 Dionysius
1360 1770 1645 1799 Halicarnassensis
1660 1770 1692 1799 in
1713 1770 1869 1808 excerptis

1170 1821 1382 1859 legationum:
1417 1820 1461 1858 μή
1487 1820 1653 1859 πρότερον
1677 1820 1776 1859 ἄρξαι
1800 1822 1868 1850 τῶν

1170 1870 1275 1908 ἔργων
1296 1870 1375 1908 πρὶν
1397 1870 1416 1905 ἢ
1441 1870 1636 1907 πειραθῆναι
1655 1872 1723 1899 τῶν
1743 1870 1869 1909 λόγων

1169 1929 1229 1948 non
1243 1923 1312 1948 ante
1326 1920 1371 1948 ad
1383 1929 1432 1948 res
1445 1920 1624 1949 veniendum
1637 1923 1689 1956 est,
1700 1930 1793 1958 qnam
1804 1923 1869 1949 ten-

1169 1972 1237 1997 tata
1251 1969 1292 1997 sit
1304 1969 1463 1997 verborum
1477 1969 1541 1998 via.
1578 1969 1672 2006 (Pag.
1689 1970 1756 1999 704.
1777 1969 1866 1999 Edit.

1173 2017 1290 2055 Oxou.)
1311 2018 1475 2046 Menelaus
1487 2018 1570 2055 apud
1581 2018 1762 2047 Libanium:
1778 2021 1869 2057 πρῶ-

1168 2079 1228 2096 τον
1250 2067 1308 2104 μὲν
1327 2066 1393 2105 ’γάρ
1416 2066 1461 2095 τά
1478 2067 1586 2096 δίκαια
1605 2068 1653 2104 τῷ
1678 2067 1771 2105 λόγῳ
1791 2079 1866 2097 πει-

1166 2115 1289 2153 ρᾶσθαι
1305 2115 1498 2153 λαμβάνειν,
1512 2115 1602 2145 ἀλλά
1610 2115 1654 2154 μή
1663 2119 1737 2145 τοῖς
1747 2116 1865 2147 ὅπλοις

402 2071 461 2099 hoc
482 2070 619 2107 explicat
638 2069 784 2106 Vasquez
808 2067 892 2096 dicto
910 2068 1001 2104 libro,
1022 2077 1048 2097 c.
1067 2070 1098 2098 4.

403 2128 489 2148 num.
504 2120 554 2147 21.

401 2282 509 2318 there
529 2292 625 2316 were
648 2293 721 2327 any
737 2280 981 2326 impediment
997 2278 1117 2314 which
1143 2280 1298 2325 religion
1318 2279 1543 2326 interposed,
1562 2279 1652 2326 they
1672 2279 1790 2326 might
1818 2280 1865 2315 be

404 2339 552 2374 warned
568 2338 726 2373 thereos.

472 2397 518 2432 V.
572 2400 589 2430 1
622 2396 657 2430 It
678 2406 762 2441 may
778 2394 937 2440 happen,
961 2394 999 2428 in
1026 2406 1138 2440 many
1155 2394 1432 2435 controversies,
1454 2394 1536 2428 that
1556 2393 1734 2439 probable
1754 2405 1863 2439 argu-

402 2458 524 2488 ments
553 2464 616 2487 are
646 2452 815 2486 adduced
846 2463 894 2485 on
919 2451 1010 2485 both
1035 2451 1143 2491 sides,
1170 2450 1290 2485 either
1310 2451 1476 2485 intrinsic
1497 2455 1536 2485 to
1556 2450 1621 2485 the
1641 2451 1795 2495 subject,
1820 2461 1863 2485 or

404 2510 555 2546 derived
568 2510 664 2544 from
681 2509 746 2543 the
763 2508 951 2553 authority
965 2507 1008 2542 of
1021 2508 1157 2542 others.
1187 2507 1307 2542 WVhen
1324 2508 1406 2542 that
1418 2507 1596 2553 happens,
1613 2507 1645 2540 if
1658 2507 1722 2541 the
1739 2507 1862 2552 things

404 2568 442 2602 in
463 2568 633 2613 question
654 2577 717 2600 are
735 2566 778 2600 of
795 2565 985 2599 moderate
1006 2565 1247 2610 importance,
1265 2564 1328 2599 the
1349 2564 1487 2605 choice,
1509 2565 1537 2598 it
1558 2564 1679 2598 would
1700 2575 1811 2604 seem,
1832 2565 1862 2599 is

404 2625 483 2660 free
509 2624 606 2658 from
626 2623 759 2664 blame,
785 2633 833 2656 on
854 2621 1061 2656 whichever
1080 2622 1158 2656 side
1179 2622 1207 2655 it
1227 2621 1322 2656 falls.
1374 2622 1449 2655 But
1468 2621 1500 2655 if
1516 2621 1622 2655 there
1642 2621 1671 2655 is
1693 2621 1863 2666 question

404 2682 448 2715 of
469 2693 491 2715 a
510 2685 647 2715 matter
671 2680 714 2714 of
738 2684 844 2725 great
868 2683 1045 2719 moment,
1070 2690 1108 2713 as
1134 2678 1177 2713 of
1203 2689 1225 2712 a
1251 2678 1388 2723 capital
1404 2678 1654 2723 punishment,
1685 2677 1786 2718 then,
1813 2688 1862 2711 on

404 2742 561 2772 account
581 2737 624 2772 of
640 2737 704 2771 the
724 2740 829 2782 great
850 2736 1049 2770 difference
1069 2736 1236 2770 between
1263 2735 1327 2769 the
1352 2739 1423 2769 two
1445 2735 1540 2769 sides
1567 2734 1609 2768 of
1634 2734 1699 2768 the
1724 2734 1861 2774 choice,

404 2794 468 2827 the
485 2795 583 2828 safer
603 2798 687 2839 part
708 2794 737 2827 is
759 2797 796 2827 to
814 2793 860 2827 be
878 2792 1080 2837 preferred.
1134 2793 1170 2827 It
1190 2792 1220 2826 is
1240 2791 1364 2826 better
1383 2795 1422 2826 to
1443 2792 1568 2837 aequit
1588 2802 1610 2825 a
1629 2790 1749 2836 guilty
1774 2800 1861 2824 man

405 2849 496 2883 than
514 2854 552 2884 to
570 2851 752 2885 condemn
770 2861 817 2883 an
835 2850 1022 2884 innocent.
