2018 3204
268 161 358 199 cir.
378 162 485 209 xx]
854 166 922 201 Da
952 166 1133 201 POENIS.
1647 162 1726 201 259

267 270 412 311 valeat
434 271 647 312 ultionem.
716 270 810 311 Rex
825 269 1126 312 Theodoricus:
1162 271 1262 312 hinc
1285 276 1343 312 est
1367 272 1481 326 quod
1507 271 1643 326 layum
1661 287 1725 314 re·
1744 281 1910 337 legssiod-iv-

256 343 390 390 perta
426 344 486 378 est
525 352 658 378 sacra
687 338 936 386 reverentia,
972 344 1020 378 ut
1055 336 1171 378 nihil
1199 351 1345 385 manu,
1389 337 1505 378 nihil
1539 339 1723 393 proprio

265 407 465 455 ageretur
498 404 698 458 impulsu.

363 468 388 508 5
433 469 578 509 Manet
601 474 738 510 tamen
769 472 887 508 vetus
910 467 1108 509 naturalis
1135 467 1316 519 libertas,
1353 467 1529 524 primum
1558 468 1600 510 in
1627 469 1723 511 locis

263 532 334 573 ubi
362 532 517 587 judicia
547 539 643 576 sunt
675 533 798 582 nulla,
831 532 942 574 utin
974 532 1086 574 mari.
1159 534 1251 584 Quo
1285 533 1393 576 forte
1415 534 1563 577 referri
1586 540 1722 592 potest

263 598 372 652 quod
414 598 536 640 Caius
577 600 716 642 Caesar
750 598 935 655 privatus
970 599 1103 641 adhuc
1137 599 1303 656 pirataS,
1337 615 1362 641 a
1396 600 1542 655 quibus
1579 607 1720 657 captus
1737 607 1939 663 ᾗῗῑέὶξῇξῇῑ-

262 663 409 713 fuerat,
446 664 572 706 classe
606 664 871 707 tumultuaria
905 672 1142 720 persecutus
1180 671 1254 715 est,
1296 665 1559 722 ipsorumque
1596 682 1720 708 naves
1738 669 1937 701 i'‘cmv-7⁰⁸³·

260 728 411 784 partim
446 730 619 787 fugavit,
655 731 805 787 partim
846 730 1000 780 mersit,
1035 736 1077 772 et
1113 745 1204 772 cum
1242 732 1457 787 proconsul
1490 732 1720 789 negligeret

260 794 589 839 animadvertere
620 796 662 839 in
702 802 841 853 captos
876 796 1043 852 piratas,
1077 796 1163 852 ipse
1198 811 1268 837 eos
1306 796 1348 838 in
1382 811 1496 838 mare
1526 812 1718 839 reversus

261 860 370 902 cruci
399 862 559 905 suffixit.
630 863 745 905 Idem
777 863 908 904 locum
938 861 1105 904 habebit
1127 861 1169 903 in
1199 861 1296 903 locis
1325 862 1512 912 desertis,
1545 868 1618 905 aut
1648 863 1718 904 ubi

259 926 491 969 Nomadum
513 944 625 971 more
648 929 812 971 vivitur.
869 923 965 970 dSic
987 927 1097 983 apud
1122 927 1338 969 Umbrioos
1360 934 1503 970 narrat
1526 928 1718 971 Nicolaus

258 992 538 1036 Damascenus
566 995 642 1037 sibi
665 1009 867 1051 quemque
890 994 1013 1035 fuisse
1036 993 1236 1035 ultorem:
1272 993 1380 1049 quod
1404 999 1445 1036 et
1474 995 1584 1051 apud
1607 996 1717 1036 Mos-
1735 996 1903 1058 3292‘295‘012·

258 1059 354 1100 chos
377 1059 498 1102 hodie
521 1060 686 1117 impune
709 1061 767 1110 fit,
799 1066 890 1116 post
914 1065 1075 1115 tempus
1104 1059 1269 1115 aliquod
1293 1059 1395 1102 aditi
1413 1060 1571 1115 judicis.
1629 1061 1670 1103 N
1673 1076 1718 1104 ec

256 1123 420 1168 aliunde
435 1126 550 1184 origo
568 1126 836 1184 singularium
854 1125 1121 1168 certaminum
1139 1139 1230 1181 quae
1249 1131 1345 1168 ante
1362 1126 1717 1169 Christianismum

258 1240 337 1275 Quae
364 1244 525 1279 postrema
550 1242 646 1280 plena
676 1242 853 1280 prudentiae
884 1251 951 1271 ma-

254 1291 365 1320 teriam
381 1291 553 1320 disserendi
573 1295 606 1321 et
620 1291 814 1330 philosophis
834 1294 866 1320 et
880 1300 951 1320 ora-

253 1342 376 1370 toribus
398 1343 611 1380 praebuerunt.
653 1342 811 1371 Maximus
839 1342 953 1380 Tyrius

252 1389 285 1418 in
318 1390 538 1420 dissertatione
565 1400 605 1420 an
632 1391 798 1420 referenda
828 1390 952 1429 injuria,

255 1440 443 1479 (Dissertat.
468 1449 506 1470 11.
530 1450 604 1480 pag.
625 1443 674 1470 22.
729 1441 794 1471 Ed.
816 1440 951 1479 Dacis.)

254 1491 282 1519 εἰ
313 1490 378 1529 γάρ
403 1490 420 1520 ὁ
448 1490 609 1526 α’ὃικηθεὶς
628 1491 800 1529 ἀμύνεται,
824 1490 873 1521 ἀεὶ
894 1502 950 1529 με·

253 1541 408 1578 ταβαὶνει
423 1541 464 1570 ’τὸ
478 1541 579 1570 κακὸν
599 1541 657 1570 ἀπ’
673 1541 780 1571 ἄλλου
793 1541 877 1580 πρὸς
889 1541 950 1571 ἅλ-

252 1589 322 1627 λον,
344 1591 398 1620 καὶ
412 1591 590 1630 μεταπηδᾷ
610 1591 663 1620 καὶ
682 1591 868 1630 διαδέξεται
883 1592 951 1621 α’ὂι-

253 1642 307 1670 κία
333 1641 471 1672 ἀδικίαν.
501 1642 528 1670 εἰ
557 1641 621 1680 ’γάρ
649 1643 700 1680 τῷ
723 1643 811 1680 αὐτῷ
839 1642 949 1680 τούτῳ

254 1691 367 1729 δικαίῳ
390 1691 439 1729 τῷ
461 1691 604 1720 παθόντι
627 1694 813 1730 συγχωρεῖς
836 1691 949 1730 ἐπεξι-

253 1741 322 1770 έναι
351 1741 395 1770 είς
418 1741 479 1769 τὸν
503 1740 716 1777 ἀδικήσαντα,
739 1740 951 1779 ἐπαναχωρεῖ

254 1790 344 1819 αὖθις
371 1787 428 1820 ἀπ’
458 1790 581 1819 ἐκείνου
608 1790 692 1827 πρὸς
714 1790 776 1819 τὸν
800 1790 902 1819 αὑτὸν
929 1789 949 1825 ἦ

252 1840 405 1878 τιμωρία,
433 1839 476 1868 τὸ
500 1839 566 1877 ’γάρ
590 1839 714 1869 δίκαιον
742 1838 794 1869 ἐπ’
821 1839 950 1877 ἀμφοῖν

252 1890 333 1920 ἴσον.
358 1889 385 1928 ᾦ
402 1890 461 1919 Ζεῦ
476 1891 530 1919 καὶ
546 1889 614 1918 οἷον
628 1889 822 1925 πεποίηκας,
844 1889 947 1918 δικαι-

252 1940 370 1975 οσύνην
387 1940 425 1978 ἐξ
437 1939 659 1977 ἀδικημάτωνς
681 1939 733 1968 καὶ
747 1942 808 1968 ποῖ
820 1939 948 1977 βαδιεῖ-

250 2001 309 2019 ται
323 1990 366 2018 τὸ
382 1989 492 2025 κακὸν,
516 1988 570 2018 καὶ
584 1989 649 2018 ποῦ
664 1987 839 2024 στήσεται·
861 1988 947 2018 Nam

247 2040 277 2069 si
301 2040 328 2068 is
349 2039 404 2078 qni
420 2048 536 2077 passus
556 2042 601 2068 cst
627 2037 777 2075 injuriam
802 2038 946 2068 ultionem

247 2093 351 2126 sumet,
372 2088 518 2118 transibit
538 2088 653 2117 malum
666 2088 706 2117 ab
725 2088 782 2116 hoc
801 2087 846 2116 ad
857 2088 946 2117 illum

247 2140 328 2169 velut
342 2139 427 2168 saltu
442 2138 585 2177 quodam,
606 2141 634 2167 et
648 2137 808 2174 injustitiae
822 2137 945 2173 injusti-

247 2189 295 2219 tia
314 2187 473 2223 mecedem
495 2187 609 2225 quippe
629 2186 659 2215 si
679 2186 736 2215 hoc
748 2185 824 2222 jure
838 2186 944 2224 posito

248 2238 389 2268 concedis
403 2237 431 2267 ei
445 2237 499 2275 qui
513 2236 628 2265 malum
636 2235 770 2273 perculit
783 2234 945 2264 vindicare

1019 1242 1052 1271 in
1069 1251 1139 1278 ,eum
1159 1242 1214 1280 qui
1224 1242 1316 1280 fecit,
1336 1243 1476 1281 sequitur
1493 1246 1527 1272 ut
1547 1253 1657 1273 rursus
1677 1244 1717 1273 ab

1019 1292 1077 1321 hoc
1097 1291 1142 1320 ad
1160 1291 1249 1320 illum
1268 1301 1300 1321 se
1320 1292 1439 1330 referat
1458 1293 1547 1328 ultio,
1575 1297 1619 1322 est
1638 1293 1718 1322 enim

1009 1341 1143 1377 justum,
1159 1351 1227 1379 par
1240 1343 1363 1380 utrique
1369 1343 1469 1380 parti.
1503 1343 1540 1372 Si
1555 1343 1590 1372 id
1603 1343 1649 1371 ita
1663 1347 1716 1380 est,

1018 1391 1196 1430 quidnobis
1208 1392 1331 1430 fecisti,
1353 1392 1490 1430 Jupiter,
1503 1392 1663 1428 justitiam
1678 1403 1715 1422 ez

1018 1442 1146 1478 injuriis
1160 1441 1352 1480 conflatam?
1371 1446 1400 1471 et
1418 1452 1478 1480 quo
1487 1443 1644 1480 procedet,
1662 1444 1715 1472 ubi

1017 1501 1088 1520 vero
1102 1491 1198 1520 stabit
1210 1491 1268 1520 hoc
1282 1491 1396 1520 malum
1407 1490 1423 1520 ,⁹
1458 1492 1612 1520 Aristides
1631 1492 1714 1522 Ora-

1018 1542 1099 1570 tione
1114 1541 1150 1570 (Ie
1164 1541 1252 1570 Pace
1265 1551 1275 1570 .-
1297 1540 1350 1570 τίς
1372 1540 1437 1579 ’γᾰρ
1457 1543 1524 1570 τῶν
1545 1541 1713 1577 Ἐλλήνων

1018 1589 1254 1628 λειφθήσεται,
1284 1590 1311 1618 εἴ.
1343 1589 1396 1619 διά
1423 1591 1501 1620 τοὺς
1531 1591 1714 1629 προτέρους

1016 1638 1290 1676 ἀπολωλοκότας,
1306 1639 1335 1668 οἱ
1349 1639 1423 1678 μετ’
1439 1640 1557 1669 αὐτοὺς
1567 1639 1617 1669 αἐὶ
1632 1652 1714 1669 ταυ-

1015 1689 1057 1718 τὸ
1072 1689 1175 1718 τοῦτο
1193 1689 1386 1726 πείσονται;
1407 1690 1478 1728 quis
1491 1690 1570 1719 enim
1587 1689 1715 1720 Graeco-

1016 1748 1084 1768 rum
1098 1740 1157 1768 crit
1169 1739 1316 1777 reliquus,
1335 1740 1364 1767 si
1372 1743 1505 1777 propter
1519 1749 1569 1769 eos
1582 1741 1637 1778 qui
1641 1740 1714 1777 jam

1009 1789 1135 1827 periere
1160 1789 1339 1826 superstites
1366 1789 1427 1818 alii
1454 1793 1603 1828 perpetuo
1633 1790 1714 1819 idem

1014 1839 1129 1868 malum
1139 1837 1275 1876 ferent?
1302 1838 1406 1875 (Tom.
1425 1847 1463 1869 11.
1479 1849 1511 1877 p.
1522 1841 1561 1869 78
1581 1848 1612 1869 c.
1642 1840 1709 1870 Ed.

1013 1889 1057 1918 P.
1074 1880 1195 1927 Steph.)
1237 1888 1342 1917 Habet
1361 1889 1443 1917 idem
1459 1889 1616 1919 Aristides
1639 1899 1712 1919 sen-

1012 1947 1082 1967 sum
1096 1938 1240 1974 similem,
1262 1938 1294 1966 in
1309 1938 1475 1967 Leuctrica
1489 1940 1636 1968 secunda.

1072 1987 1086 2008 ¹¹
1110 1987 1165 2017 Sic
1186 1987 1275 2025 apud
1300 1988 1476 2026 Umbria-os]
1499 1989 1552 2017 An
1575 1989 1712 2019 Umbros

1011 2036 1043 2065 in
1059 2037 1154 2065 Italia
1167 2036 1362 2074 significatos
1377 2037 1500 2066 voluit?
1529 2036 1626 2076 [Vide
1641 2039 1711 2067 Va-

1011 2094 1139 2115 Lsssmu
1166 2086 1198 2114 in
1227 2086 1377 2123 Exeerpt.
1406 2086 1542 2115 Peirese.
1570 2097 1603 2125 p.
1622 2087 1708 2126 513.]

1010 2135 1109 2173 Apud
1123 2135 1275 2164 Afrorum
1299 2135 1416 2163 multos
1438 2135 1520 2164 idem
1541 2136 1637 2165 moris
1656 2137 1709 2166 fu-

1009 2185 1070 2213 isse
1089 2185 1180 2213 testis
1196 2188 1244 2213 est
1265 2183 1330 2213 Leo
1357 2184 1436 2213 Afer
1457 2184 1528 2214 Lib.
1544 2194 1583 2215 11.
1617 2195 1643 2215 c.
1668 2187 1708 2216 de

1010 2234 1167 2270 Tefechis,
1183 2237 1216 2263 et
1231 2234 1334 2272 eapite
1349 2234 1388 2263 de
1403 2234 1558 2273 Teijeuta,
1575 2239 1608 2266 et
1621 2237 1706 2266 alibi.

246 2405 396 2451 pirates,
416 2403 463 2439 he
484 2403 663 2439 collected
681 2403 791 2449 ships,
811 2403 885 2438 and
904 2403 1027 2450 partly
1046 2407 1114 2450 put
1135 2403 1248 2438 theirs
1269 2406 1308 2438 to
1326 2402 1443 2448 ssight,
1463 2404 1587 2449 partly
1610 2403 1706 2438 sunk

246 2461 373 2502 them3
398 2461 471 2494 and
500 2460 601 2503 then,
637 2460 744 2495 when
770 2460 835 2495 the
862 2461 1060 2506 proconsul
1087 2472 1158 2495 was
1190 2461 1278 2495 slow
1301 2460 1339 2493 in
1372 2460 1572 2505 punishing
1598 2460 1705 2495 those

245 2518 327 2552 who
362 2528 454 2552 were
491 2517 614 2558 taken,
640 2517 695 2553 he,
720 2517 873 2552 himself
903 2517 1078 2563 gibbeted
1110 2518 1225 2552 them.
1278 2516 1358 2551 The
1394 2528 1494 2551 same
1527 2516 1634 2551 holds
1666 2517 1706 2550 in

246 2575 398 2614 deserts‚
423 2585 465 2608 or
485 2573 605 2608 where
622 2585 708 2608 men
731 2574 802 2609 live
830 2586 853 2608 a
880 2574 1063 2609 Nomadic
1084 2574 1159 2609 life.
1214 2574 1263 2608 So
1285 2584 1420 2618 among
1440 2573 1504 2607 the
1524 2573 1705 2614 Umbrici,

244 2643 284 2665 as
306 2631 480 2665 Nicholas
502 2631 754 2665 Damascenus
774 2631 919 2672 relatos,
938 2642 1048 2676 every
1068 2642 1139 2665 one
1156 2632 1185 2665 is
1205 2630 1262 2664 his
1280 2641 1361 2664 own
1381 2640 1561 2675 avenger3
1586 2629 1705 2664 which

244 2689 274 2722 is
301 2688 378 2722 also
408 2687 472 2722 the
501 2693 645 2722 custom
673 2699 808 2732 among
837 2687 901 2722 the
932 2688 1165 2728 Muscovites,
1193 2687 1291 2721 after
1318 2698 1339 2720 a
1362 2686 1502 2720 certain
1528 2686 1618 2721 time
1638 2686 1704 2722 has
1753 2674 1766 2687 ⁰

245 2745 396 2790 elapsed
428 2744 525 2779 from
546 2743 610 2778 the
627 2745 852 2789 application
873 2749 911 2778 to
932 2744 996 2778 the
1024 2744 1149 2789 judge.
1199 2743 1283 2777 And
1305 2742 1377 2777 this
1397 2754 1469 2777 was
1491 2742 1555 2777 the
1584 2744 1704 2789 origin

244 2802 288 2836 of
301 2801 364 2836 the
382 2801 486 2836 duels
508 2801 636 2841 which,
658 2801 785 2835 before
803 2801 866 2836 the
887 2801 1139 2836 introduction
1157 2800 1199 2836 of
1218 2800 1468 2845 Christianity,
1489 2811 1584 2835 were
1605 2812 1703 2836 com.

243 2869 332 2893 mon
352 2869 488 2904 among
516 2857 580 2893 the
602 2858 765 2893 German
789 2859 947 2899 nations,
978 2858 1052 2892 and
1079 2869 1141 2892 are
1172 2861 1238 2892 not
1269 2862 1333 2903 yet
1359 2857 1580 2903 sufficiently
1607 2869 1704 2904 gone

243 2920 309 2950 out
330 2915 373 2951 of
396 2926 471 2951 use.
533 2915 616 2950 And
645 2926 697 2957 so,
724 2926 764 2950 as
792 2915 1010 2951 Paterculus
1032 2915 1177 2957 relatos,
1197 2914 1261 2950 the
1285 2914 1465 2949 Germans
1486 2914 1592 2949 when
1614 2915 1703 2961 they

1422 2987 1569 3031 17—e
