2018 3204
233 152 322 187 cim
341 148 468 196 XXI]
523 151 590 186 DE
621 151 892 187 POENARUM
923 151 1404 189 COMMUNICATIONE.
1608 150 1632 190 3

1639 165 1659 189 C.)
1643 152 1659 160 1

1667 150 1690 188 <251

518 264 614 305 IIeu,
638 264 861 310 Cecropidae,
883 264 981 298 mala
1001 263 1118 298 multa.
1138 264 1228 298 tuli:

521 321 594 355 Sed
616 332 750 367 nempe
771 321 858 355 tuli:
891 321 992 355 Deus
1013 325 1070 356 est
1089 321 1206 362 testis,

518 377 624 412 Nihil
644 377 776 413 horum
796 382 928 423 sponte
948 381 1150 423 patratum.

233 445 473 503 Respondet
496 447 678 488 Theseus
702 448 826 501 (vers.
852 448 953 496 565,
977 452 1019 488 et
1042 448 1170 502 seq.):

518 527 607 560 Non
626 536 687 560 me
706 526 858 572 pigebat
876 525 1072 572 hospitem,
1094 527 1253 571 qualem,
1276 527 1424 574 OEdipe,

519 583 573 617 Te
593 586 711 624 tueor,
731 583 831 617 omni
852 583 1032 629 sospitare
1052 583 1091 617 in
1111 587 1290 628 tempore,

518 639 642 674 Homo
663 650 742 674 esse
762 640 923 674 memini.

235 703 430 747 Similiter
452 704 605 745 Thesei
628 704 733 745 filius
751 705 1009 761 Demophon,
1035 699 1152 746 6cum
1176 705 1369 747 Herculis
1391 707 1544 763 posteri
1563 708 1691 750 Athe-

233 784 307 812 nas
330 769 618 827 confugissent,
641 769 697 811 sic
719 770 801 812 ait:

520 849 610 884 Haec
630 850 752 895 patria
771 853 898 884 nostra
917 859 1064 895 semper
1083 849 1262 884 invalidos
1284 850 1389 892 solet,

522 906 595 941 Sed
611 907 697 951 jure
718 906 844 947 fretos,
865 917 935 951 ope
956 917 1022 940 sua
1042 906 1256 942 defendere.

518 962 687 998 Antehac
708 963 835 998 amicis
855 963 955 997 mille
975 963 1181 998 relevandis
1202 964 1289 998 tulit

520 1020 760 1054 Discrimina:
789 1023 826 1054 et
842 1030 941 1054 nunc
958 1019 1058 1053 aliud
1075 1020 1114 1053 in
1131 1024 1282 1066 promtu
1299 1020 1478 1056 imminet.

233 1084 290 1126 Et
312 1083 390 1125 hoc
412 1083 512 1125 illud
543 1084 695 1126 factum
728 1090 802 1134 est,
838 1084 889 1125 ob
924 1084 1034 1140 quod
1058 1084 1331 1127 Athenienses
1355 1086 1562 1142 praecipue
1585 1103 1693 1144 prae-

232 1149 395 1191 dicabat
431 1149 698 1192 Callisthenes
716 1165 726 1192 :
762 1147 943 1196 τούτους
979 1147 1072 1209 ’γὰρ
1107 1150 1172 1193 καὶ
1211 1149 1316 1210 πρὸς
1354 1150 1581 1213 Εὐρυσθέα
1613 1175 1694 1198 πο-

231 1215 416 1267 λεμῆσαι
445 1212 555 1275 ὑπὲρ
592 1217 679 1258 τῶν
710 1211 872 1259 παίδων
907 1217 987 1259 τοῦ
1019 1213 1289 1275 Ἡρακλέους
1321 1221 1613 1277 τυραννοῦντα
1647 1219 1693 1264 ἐν

231 1281 296 1338 τῷ
330 1277 446 1324 ’τότε
484 1283 559 1331 τῆς
589 1277 822 1328 ”Ἐλλαδος·
855 1282 929 1323 Ῐιοε
958 1283 1069 1323 enim
1100 1290 1139 1324 et
1172 1284 1220 1323 in
1250 1285 1501 1337 Eurysthea
1539 1287 1692 1327 bellum

231 1348 462 1402 suscepisse
505 1341 609 1403 dpro
649 1349 857 1389 Herculis
903 1348 1064 1400 liberis,
1112 1362 1212 1389 cum
1263 1349 1483 1391 Graeciam
1522 1353 1692 1407 Eurys-

233 1413 352 1455 theus
375 1415 606 1467 tyrannide
622 1421 845 1468 premeret.

332 1479 360 1519 3
409 1478 564 1520 Contra
585 1478 637 1519 de
659 1478 852 1519 maleficis
873 1478 950 1518 hoc
973 1477 1101 1519 habes
1124 1477 1166 1519 in
1190 1479 1333 1520 eadem
1358 1481 1586 1538 tragoedia:

518 1557 629 1591 IIunc
650 1558 711 1602 qui
732 1557 939 1591 facinorum
961 1557 1138 1598 conscius,
1159 1569 1228 1592 nec
1248 1558 1392 1603 legibus

519 1614 656 1648 Fidens
678 1614 725 1648 ad
747 1625 828 1648 aras
850 1613 1008 1648 volvitur
1029 1614 1183 1659 supplex
1204 1615 1338 1656 Dessm,

521 1670 685 1705 Trahere
705 1671 753 1704 ad
773 1670 937 1705 tribunal
958 1669 1060 1703 nulla
1081 1671 1209 1715 religio
1231 1671 1340 1706 mihi:

517 1727 620 1761 Mala
639 1738 785 1773 semper
804 1738 950 1773 aequum
971 1725 1072 1761 ferre
1093 1728 1155 1772 qui
1175 1727 1265 1762 fecit
1285 1729 1394 1763 male.

233 1819 365 1858 Gepidae
384 1819 488 1858 perite
507 1829 616 1849 omnes
634 1820 757 1849 malunt
772 1829 865 1858 quam
883 1819 928 1848 11-

231 1867 394 1905 digisalem
407 1867 559 1895 Romanis
573 1870 628 1896 aut
638 1867 856 1905 Longobardis
872 1867 926 1895 de-

995 1819 1205 1857 adducuntur,
1227 1823 1301 1850 sunt
1320 1831 1358 1851 ex
1379 1822 1500 1851 incerta
1523 1822 1695 1861 Tragoedia

996 1869 1168 1907 Euripidis,
1183 1871 1268 1908 apud
1284 1871 1454 1907 Stobaeum,
1479 1871 1582 1901 Germ.
1595 1882 1692 1904 xmv.

230 1917 314 1946 dere.
339 1916 512 1954 Procopius
530 1916 744 1946 Gottlzicorum
760 1925 805 1946 1v.
826 1915 926 1954 (Hist.

229 1965 366 1996 Miscell.
380 1974 448 2002 cap.
466 1965 527 2002 27.)

287 2019 301 2036 θ
319 2014 416 2052 Apud
430 2013 624 2053 Sophoclem]
647 2014 730 2044 Vide
752 2016 856 2043 totum
878 2013 927 2042 lo-

229 2072 318 2101 cum;
339 2067 387 2093 est
401 2063 484 2093 enim
498 2064 583 2093 lectu
599 2064 723 2102 dignus.

287 2113 301 2131 ⁶
335 2113 409 2143 Non
450 2114 653 2152 Demophon,
703 2113 758 2142 sed
801 2113 926 2142 Chorus

229 2164 313 2202 apud
331 2164 534 2193 Eummnmx
561 2162 728 2192 Heraclid.
754 2171 832 2191 vers.
857 2164 926 2198 330,

228 2216 257 2242 et
270 2222 353 2251 seqq.
385 2213 504 2242 Versus
518 2215 633 2247 autem,
646 2212 699 2249 qui
714 2220 786 2240 mox
802 2221 886 2240 num.
898 2214 927 2241 3.

230 2265 417 2300 sequuntur,
438 2264 470 2290 et
486 2261 575 2299 quasi
593 2270 630 2289 ex
646 2260 751 2289 eadem
771 2261 926 2299 traqoedia

997 1918 1061 1947 Tit.
1076 1918 1125 1955 46,
1143 1917 1191 1956 [p.
1207 1919 1294 1957 304]
1336 1920 1396 1949 Ed.
1415 1921 1565 1950 Auctoris
1584 1923 1693 1960 nostri,

995 1967 1049 2005 qui
1063 1968 1136 1996 inde
1151 1968 1324 1997 versionem
1340 1978 1427 1998 suam
1444 1970 1504 1999 hue
1518 1973 1693 2002 transtulit.

995 2017 1158 2054 Incipiunt
1179 2017 1282 2046 Graeci
1302 2027 1409 2047 versus
1427 2019 1488 2049 ita:
1518 2019 1608 2058 Ἐγώ
1629 2022 1695 2061 γάρ

996 2065 1090 2094 ὅστις
1104 2065 1147 2101 μή
1162 2065 1283 2095 δίκαιος
1299 2065 1342 2095 ὧν
1356 2067 1446 2105 timis),
1462 2071 1522 2097 etc.
1565 2069 1601 2099 J.
1616 2070 1658 2099 B.

1051 2113 1066 2134 d
1089 2115 1157 2143 Pro
1182 2114 1332 2144 Herculis
1357 2116 1480 2155 liberis]
1513 2117 1596 2147 Vide
1626 2119 1694 2149 Eu-

994 2164 1127 2202 ripidem
1155 2164 1350 2202 Heraclidis,
1393 2170 1426 2196 et
1459 2169 1691 2206 Apollodorum

995 2213 1097 2251 (Bihl.
1114 2214 1149 2243 L.
1167 2223 1203 2243 11.
1219 2223 1246 2244 c.
1261 2216 1291 2244 8.
1310 2214 1327 2253 ξ
1344 2214 1391 2253 1.)

231 2402 320 2426 were
340 2391 430 2425 those
449 2390 642 2435 conquered
664 2390 702 2423 in
722 2402 810 2431 war,
835 2392 924 2426 those
948 2393 1070 2428 driven
1083 2395 1192 2439 from
1213 2395 1301 2429 their
1319 2401 1479 2442 country,
1504 2398 1593 2433 those
1616 2400 1692 2434 who

233 2448 306 2482 had
320 2459 366 2481 no
382 2453 468 2481 state
485 2452 518 2480 co
535 2447 645 2480 which
662 2447 738 2492 they
753 2448 924 2493 belonyed.
979 2450 1028 2485 So
1045 2451 1236 2491 Aristides,
1252 2452 1288 2485 in
1302 2452 1423 2497 praise
1440 2453 1482 2487 of
1496 2454 1560 2489 the
1578 2455 1693 2491 Athe-

232 2505 351 2545 nians,
375 2514 457 2548 says
477 2503 559 2537 that
587 2502 728 2537 Athens
754 2515 826 2539 was
846 2505 910 2540 the
930 2506 1060 2552 refuge
1084 2508 1143 2542 for
1163 2507 1227 2543 the
1247 2508 1443 2543 wretched.

233 2560 346 2606 phon,
373 2559 563 2594 Patrocles
583 2559 647 2594 the
668 2559 858 2595 Phliarian
879 2573 960 2607 says
983 2563 1046 2598 the
1063 2575 1172 2599 same.

1500 2511 1545 2545 In
1566 2512 1694 2547 Xeno-

1227 2565 1276 2599 So
1297 2564 1589 2610 Demosthenes3
1620 2569 1694 2604 and

235 2616 438 2663 Sophocles
472 2616 511 2649 in
542 2615 606 2650 the
641 2617 798 2662 OEclz'pus
833 2618 1000 2654 Coloneus
1011 2632 1024 2658 ‚·
1072 2621 1146 2654 and
1180 2621 1415 2667 Demophon,
1450 2621 1594 2665 [rather
1628 2625 1694 2660 the

235 2673 389 2714 Chorus,
410 2673 448 2706 in
468 2672 635 2717 Euripid.
659 2673 861 2708 Herae-leid.
878 2686 908 2708 v.
928 2679 1006 2716 330,
1022 2676 1087 2711 Sec.
1108 2675 1214 2721 J.B.]
1264 2678 1348 2711 And
1368 2677 1441 2713 this
1457 2680 1487 2714 is
1505 2681 1569 2715 the
1586 2683 1693 2728 point

233 2731 292 2765 for
308 2729 427 2763 which
445 2728 686 2763 Callisthenes
708 2730 905 2776 especially
925 2733 1071 2777 praised
1089 2733 1152 2767 the
1168 2733 1383 2768 Athenians.

304 2790 325 2821 3
358 2786 416 2820 On
437 2785 500 2820 the
521 2785 628 2820 other
648 2785 760 2827 hand,
780 2787 817 2820 in
836 2787 900 2822 the
920 2799 1021 2823 same
1038 2790 1233 2836 tragedy*‚
1253 2801 1323 2825 one
1342 2790 1385 2825 of
1399 2791 1463 2826 the
1481 2792 1691 2830 characters

292 2869 308 2883 ⁸
336 2868 402 2897 Not
421 2868 475 2896 the
494 2877 588 2904 same,
610 2869 668 2898 but
688 2878 727 2897 an
750 2871 913 2899 uncertain
936 2872 1068 2910 tragedy
1092 2872 1127 2901 of
1149 2872 1319 2911 Euripides
1340 2875 1371 2903 in
1393 2875 1555 2905 Stobaeus:
1588 2877 1695 2908 Germ.

234 2925 306 2946 xiv.
323 2918 387 2946 Tit.
404 2917 454 2947 46.
498 2917 529 2947 J.
543 2917 581 2947 Β.

1414 2968 1563 3008 23—-2
