2018 3204
130 391 190 420 ιφ.
199 390 221 413 5.
234 390 326 419 princ.

345 128 399 168 56
823 132 891 165 DE
924 127 1325 166 CONTRACTIBUS.
1638 123 1734 170 [Lm.
1752 125 1803 161 11.

350 243 495 285 vidunt
511 239 790 299 jurisconsulti
815 236 991 279 Romani
1014 236 1056 277 in
1081 235 1132 276 do
1155 240 1201 275 ut
1225 234 1309 283 des,
1340 233 1443 275 facio
1472 238 1517 274 ut
1542 232 1678 282 facias,
1703 234 1807 276 facio

347 315 395 352 ut
439 310 534 351 des:
573 309 624 350 de
665 306 810 362 quibus
859 302 990 345 videri
1026 307 1161 357 potest
1196 300 1347 341 Paulus
1378 299 1692 356 jurisconsultus
1714 299 1756 341 in
1779 299 1805 341 l.

349 376 590 418 Naturalis
606 391 618 415 :
654 371 851 428 Digestis,
879 368 1163 422 Prccscrzptis
1189 367 1338 408 verbis.

447 443 472 482 2
522 440 606 481 Sed
643 436 819 480 Romani
858 435 910 477 ab
942 435 1018 475 hac
1050 431 1247 474 divisione
1280 430 1464 473 eximunt
1494 431 1689 487 quosdam
1713 446 1810 474 con-

349 512 519 554 tractus,
546 519 647 560 quos
674 503 749 558 ipsi
782 501 1009 542 nominatos
1045 503 1207 546 vocant,
1242 511 1323 538 non
1352 503 1435 538 tam
1461 497 1569 551 quod
1598 497 1810 553 proprium

348 573 528 613 habeant
552 583 699 611 nomen
725 568 867 622 (habet
889 565 995 607 enim
1020 565 1096 605 hoc
1121 569 1162 605 et
1186 562 1446 619 permutatio,
1483 577 1605 617 quam
1634 578 1659 604 a
1681 563 1812 604 nomi-

348 643 539 679 natorum
580 649 750 677 numero
787 632 1025 684 excludunt)
1065 644 1188 685 quam
1226 629 1337 684 quod
1375 629 1426 669 ob
1462 643 1578 669 usum
1619 629 1810 684 frequen-

349 703 494 745 tiorem
517 697 628 743 bvim
654 699 873 756 quamdam
898 703 939 739 et
961 702 1151 738 naturam
1183 694 1433 750 accepissent
1457 694 1592 743 talem,
1622 709 1713 750 quae
1739 695 1812 736 eti-

349 769 450 811 amsi
482 768 581 809 nihil
607 772 713 809 esset
737 765 891 807 dictum
915 762 1157 819 specialiter,
1185 775 1237 802 ex
1260 760 1348 816 ipso
1369 759 1530 800 nomine
1553 760 1652 801 satis
1675 766 1813 816 posset

349 834 550 891 intelligi:
586 833 694 875 unde
729 830 854 873 etiam
890 837 1015 871 certae
1049 828 1100 869 de
1135 826 1214 868 illis
1248 825 1424 881 proditae
1458 831 1576 867 erant
1608 825 1813 867 actionum

349 901 563 942 formulae:
598 913 688 940 cum
717 898 759 939 in
780 895 941 938 caeteris
964 893 1241 936 contractibus
1266 891 1398 932 minus
1430 891 1714 946 frequentibus
1737 892 1815 933 hoc

351 971 514 1008 tantum
546 965 713 1014 inesset,
751 962 859 1018 quod
885 960 1038 1003 dictum
1069 966 1171 1008 erat,
1208 972 1255 999 ac
1284 957 1457 1013 proinde
1489 971 1569 997 non
1593 958 1816 999 communis

350 1032 489 1087 aliqua
513 1037 556 1073 et
578 1030 742 1080 usitata,
772 1028 845 1070 sed
868 1025 1173 1069 accommodata
1203 1023 1257 1065 ad
1289 1023 1423 1079 ipsum
1454 1022 1609 1063 factum
1644 1022 1816 1065 daretur

350 1097 539 1147 formula,
569 1111 661 1151 quae
685 1095 777 1136 ideo
801 1091 1052 1149 praescriptis
1082 1090 1220 1132 verbis
1255 1089 1481 1130 dicebatur.
1540 1088 1607 1130 Ob
1643 1089 1815 1130 eandem

352 1178 512 1205 causam
537 1176 633 1204 usus
654 1158 943 1216 frequentioris
961 1157 1003 1198 in
1022 1155 1358 1198 conventionibus
1377 1153 1607 1203 nominatis,
1627 1154 1661 1195 si
1679 1154 1814 1210 requi-

410 1279 424 1299 Ρ)
453 1280 522 1309 Vim
537 1278 697 1317 quandam
711 1279 739 1306 et
753 1279 902 1305 naturam
913 1274 1051 1312 accepis-

350 1334 415 1360 seut
430 1330 535 1368 talem]
558 1329 640 1358 Vide
654 1328 752 1364 Vasq.
776 1325 846 1355 Lib.
863 1334 887 1354 1.
906 1327 1050 1354 controv.

351 1391 378 1410 c.
395 1391 426 1409 x.
443 1380 475 1408 in
489 1380 561 1408 fine.

410 1435 423 1449 ⁰
446 1429 482 1458 Si
498 1429 534 1457 tle
542 1428 646 1466 pretio
656 1423 859 1462 convenisset]
877 1424 974 1461 Apud
985 1424 1051 1452 He-

350 1481 453 1508 braeos
480 1478 622 1516 perfecta
645 1485 707 1504 non
732 1477 878 1503 censetur
902 1472 1052 1508 venditio,

351 1533 425 1558 ante
434 1527 635 1557 traditionem
648 1534 753 1554 veram
764 1524 813 1552 vel
824 1522 1052 1560 imaginariam.

351 1580 447 1617 [Vide
471 1579 619 1607 SELDEN.
640 1576 692 1605 Dc
710 1575 791 1604 Jure
812 1573 891 1602 Nat.
913 1576 941 1602 et
963 1572 1054 1602 Gent.

351 1629 482 1659 Secund.
499 1627 611 1664 discip.
626 1625 724 1654 Hebr.
741 1624 811 1653 Lib.
829 1632 875 1652 VI.
891 1632 918 1651 c.
930 1621 974 1658 5.]

408 1678 423 1698 d
445 1676 627 1714 Simplicior
654 1677 697 1703 est
717 1677 745 1702 et
768 1670 944 1709 antiquior]
982 1671 1052 1708 Ap-

351 1730 443 1766 paret
462 1728 494 1756 id
516 1736 553 1756 ex
577 1724 709 1754 Homeri
730 1723 871 1752 versibus
890 1720 1054 1758 productis

352 1778 422 1808 Lib.
435 1786 457 1806 1.
472 1777 514 1806 D.
531 1776 567 1805 cle
585 1772 808 1805 Contrahenda
821 1771 975 1800 Emtz'one.
992 1769 1056 1798 Ta-

1121 1273 1202 1301 citus
1222 1272 1259 1301 de
1286 1272 1469 1308 Germania,
1493 1272 1612 1309 (Germ.
1645 1281 1670 1301 c.
1689 1272 1740 1310 5):
1766 1272 1820 1301 In-

1120 1323 1249 1350 teriores
1269 1321 1445 1359 simplicius
1463 1324 1490 1350 et
1511 1321 1673 1359 antiquius
1688 1331 1820 1359 permu-

1122 1373 1237 1400 tatione
1258 1372 1406 1400 mercinm
1427 1375 1567 1400 utuntur.
1617 1372 1755 1408 Servius,
1777 1373 1823 1402 ad

1120 1423 1275 1460 Eclossam
1291 1430 1335 1450 ιν.
1351 1422 1391 1450 ad
1404 1422 1483 1450 illud
1499 1422 1594 1459 (vers.
1610 1421 1684 1459 39):
1706 1422 1821 1452 Muta-

1122 1472 1198 1500 bunt
1213 1480 1339 1500 merces:
1357 1472 1433 1508 quia
1446 1472 1569 1509 antiqui
1584 1481 1633 1500 res
1651 1473 1740 1501 rebus
1753 1482 1820 1501 mu-

1122 1521 1240 1550 tabant.
1283 1521 1326 1549 Et
1349 1521 1389 1549 ad
1411 1520 1488 1548 illud
1515 1520 1630 1558 Georq.
1648 1530 1699 1550 111.
1725 1521 1821 1560 (vers.

1121 1569 1214 1607 307)2
1242 1570 1363 1599 Vellera
1384 1573 1556 1598 mutentur.-
1585 1570 1702 1609 inqentz'
1717 1572 1821 1608 pretio

1122 1623 1351 1658 comparentur.
1392 1619 1478 1648 ZVam
1498 1620 1588 1657 apud
1605 1621 1739 1657 majores
1761 1632 1823 1650 om-

1122 1679 1158 1698 ne
1172 1669 1348 1698 mercimoni
1353 1678 1402 1697 um
1412 1670 1640 1706 permutatione
1652 1671 1823 1707 constabat,

1123 1719 1210 1756 qaod
1242 1722 1271 1747 et
1308 1718 1407 1748 Caius
1435 1719 1602 1748 Homerico
1628 1721 1824 1757 confirmavit

1124 1769 1273 1806 eaeemplo.
1314 1768 1445 1805 Plinius,
1472 1769 1554 1797 libro
1577 1777 1712 1799 xxxm.
1738 1779 1764 1800 c.
1787 1773 1823 1799 1:

354 1933 443 1971 acts,
468 1930 533 1965 the
558 1931 705 1964 Roman
725 1929 853 1973 jurists
874 1927 1013 1972 rightly
1036 1925 1158 1959 divide
1180 1925 1258 1959 into
1284 1924 1408 1959 these:
1436 1925 1480 1958 do
1503 1929 1541 1957 ut
1563 1924 1641 1957 des:
1657 1923 1762 1969 facio
1783 1929 1824 1958 ut

343 1987 607 2035 facias:fizcio
628 1992 668 2020 ut
689 1987 756 2020 des.
806 1985 877 2019 See
894 1984 1033 2018 Paulus
1051 1983 1125 2016 and
1143 1982 1206 2016 the
1224 1982 1382 2026 Digests.
1423 1979 1523 2025 [Dig.
1543 1980 1614 2014 xix.
1632 1977 1684 2021 5.]

433 2049 454 2077 2
488 2045 564 2078 But
596 2043 660 2077 the
693 2044 858 2076 Romans
887 2044 1019 2085 except
1050 2039 1148 2073 from
1178 2038 1252 2072 this
1278 2038 1434 2072 division
1466 2037 1608 2071 certain
1636 2040 1823 2070 contracts

353 2100 473 2135 which
495 2100 584 2145 they
606 2099 678 2133 call
700 2099 879 2133 nominate
900 2098 1113 2132 contracts*

1126 2108 1134 2136 3
1157 2099 1224 2129 not
1244 2106 1284 2129 so
1306 2085 1418 2129 much
1438 2094 1596 2128 because
1617 2093 1707 2138 they
1730 2092 1824 2127 have

352 2168 490 2204 proper
513 2168 652 2197 names,
672 2150 747 2201 (for
764 2154 1007 2200 permutatim
1028 2164 1070 2187 or
1087 2152 1285 2197 exchange,
1302 2151 1421 2186 which
1442 2150 1531 2196 they
1548 2149 1703 2184 exclude
1723 2149 1822 2183 from

353 2215 543 2249 nominate
568 2216 764 2253 contracte,
785 2212 850 2246 has
868 2212 945 2245 also
966 2222 988 2244 a
1009 2220 1147 2256 proper
1177 2203 1314 2255 name,)
1344 2219 1382 2243 as
1414 2207 1583 2247 because,
1604 2206 1701 2241 from
1725 2205 1825 2240 their

354 2282 457 2305 more
485 2271 658 2315 frequent
690 2281 766 2310 use,
795 2269 885 2314 they
912 2268 1006 2301 have
1034 2265 1203 2300 received
1227 2277 1249 2299 a
1279 2265 1421 2299 certain
1446 2264 1549 2298 force
1577 2263 1652 2297 and
1679 2266 1824 2303 nature,

353 2327 472 2362 which
495 2338 579 2372 may
599 2327 647 2360 be
673 2325 894 2370 sufficiently
914 2323 1142 2358 understood
1162 2322 1211 2367 by
1232 2322 1296 2356 the
1317 2332 1438 2362 name,
1459 2319 1641 2364 although
1665 2319 1823 2364 nothing

352 2385 400 2419 be
417 2384 495 2419 said
512 2383 699 2429 specially.
743 2382 909 2416 Whence
926 2381 1002 2415 also
1020 2379 1108 2413 with
1126 2378 1257 2423 regard
1275 2382 1313 2412 to
1330 2378 1433 2412 them
1446 2377 1552 2411 there
1569 2387 1665 2411 were
1683 2375 1824 2410 certain

353 2440 579 2498 established
604 2439 774 2474 formulae
800 2438 842 2472 of
861 2438 1015 2472 actions.
1064 2435 1187 2469 While
1210 2435 1248 2468 in
1270 2434 1378 2468 other
1399 2436 1597 2473 contracts‚
1623 2432 1742 2467 which
1759 2443 1824 2467 are

352 2499 424 2533 less
445 2498 632 2543 frequent,
655 2496 738 2531 that
759 2495 846 2540 only
863 2506 935 2528 was
956 2492 1110 2538 implied
1130 2491 1249 2525 which
1265 2502 1337 2525 was
1363 2489 1560 2536 expressed
1572 2502 1581 2530 3
1602 2489 1676 2523 and
1700 2489 1824 2524 there-

352 2555 434 2590 fore
456 2555 562 2590 there
579 2564 651 2587 was
672 2556 738 2587 not
759 2564 831 2597 any
849 2561 1021 2585 common
1043 2549 1116 2583 and
1137 2548 1242 2582 usual
1261 2548 1358 2582 form
1380 2548 1423 2581 of
1439 2547 1576 2587 action,
1596 2546 1665 2580 but
1682 2557 1704 2580 a
1724 2546 1823 2581 form

353 2611 658 2646 accommodated
680 2614 718 2644 to
736 2609 800 2643 the
819 2609 908 2650 fact,
929 2606 1048 2641 which
1072 2617 1144 2640 was
1166 2605 1355 2640 therefore
1377 2604 1497 2638 called
1521 2614 1544 2637 a
1564 2603 1661 2638 form
1681 2603 1720 2638 in
1739 2614 1822 2648 pre-

353 2669 463 2714 script
485 2669 612 2702 words.

430 2726 504 2758 For
528 2725 592 2759 the
624 2735 725 2759 same
756 2734 900 2763 reason,
925 2722 968 2756 of
992 2732 1014 2755 a
1044 2732 1148 2755 more
1178 2720 1352 2765 frequent
1382 2729 1448 2753 use
1479 2718 1517 2751 in
1543 2717 1607 2752 the
1632 2716 1823 2751 nominate

354 2784 552 2822 eontracts,
574 2781 606 2814 if
620 2782 761 2815 certain
782 2781 976 2826 requisites
997 2789 1092 2813 were
1113 2781 1274 2823 present,
1299 2776 1362 2811 the
1383 2775 1564 2820 necessity
1582 2774 1625 2808 of
1650 2773 1823 2817 fulfilling

883 2877 899 2892 ³¹*
922 2877 980 2906 See
1001 2876 1043 2906 E.
1066 2876 1115 2906 M.
1138 2876 1205 2911 708,
1228 2874 1283 2905 &c-
