2018 3204
182 225 271 261 CAP.
290 224 411 267 XVI.]
610 224 678 259 DE
709 224 1207 260 INTERPRETATIONE.
1559 219 1637 262 171

181 349 272 377 cum
297 334 486 390 Philippo
518 333 790 375 Macedonum
821 348 935 391 rege,
961 333 1071 389 quod
1108 348 1197 375 cum
1228 334 1402 375 Perseus
1426 332 1512 390 ejus
1535 333 1641 376 filius

180 401 235 443 ad
257 414 301 442 se
324 400 529 456 pertinere
551 404 736 456 negaret,
762 399 913 441 bellum
937 413 984 441 eo
1009 399 1169 440 nomine
1197 405 1385 441 exortum
1409 405 1482 442 est.
1553 400 1638 441 Sed

181 471 223 508 et
243 465 324 508 alia
346 466 484 514 verba,
510 470 552 506 et
580 464 670 520 ipsa
702 464 909 506 interdum
939 465 1114 507 materia
1148 465 1423 521 conjecturam
1446 465 1637 521 suppedi-

180 531 327 573 tabunt
349 545 430 572 non
452 529 772 586 improbabilem.

280 598 306 638 3
356 597 477 646 Quod
510 595 543 637 si
572 609 693 651 pares
719 595 800 637 sint
823 595 865 636 in
888 601 1107 652 utrumque
1131 595 1388 652 conjecturae,
1414 596 1632 653 supererit,

178 664 248 704 ⁶ut
270 661 512 704 favorabilia
545 661 766 703 credantur
797 675 885 702 esse
919 661 1058 711 realia,
1083 661 1224 703 odiosa
1255 677 1353 704 vero
1387 662 1629 718 personalia.

180 727 345 770 Federa
368 727 478 783 pacis
501 741 621 768 causa
644 726 763 776 facta,
792 733 864 768 aut
888 726 1231 775 commerciorum,
1255 727 1496 769 favorabilia
1520 733 1627 769 sunt.

179 794 282 844 Quae
314 793 408 835 belli
442 806 575 841 causa,
600 806 681 833 non
713 792 852 834 odiosa
886 791 1033 841 omnia,
1068 797 1114 833 ut
1142 792 1307 847 quidam
1341 798 1519 841 censent,
1558 793 1632 835 sed

176 857 419 919 ἐπιμαχίαι,
444 858 486 899 id
509 863 583 908 est,
607 857 750 899 federa
779 857 920 899 tuendi
950 871 994 898 se
1023 871 1156 906 causa,
1182 857 1350 912 propius
1372 857 1426 899 ad
1447 858 1633 900 favorem

176 925 386 973 accedunt,
414 922 650 984 ξυμμαχὶαι
683 923 814 980 magis
847 922 901 964 ad
932 936 1069 964 onera.
1139 922 1206 964 Ad
1231 937 1323 977 quac
1345 923 1500 966 accedit
1523 924 1635 979 quod

176 990 218 1031 in
249 990 390 1032 federe
425 990 478 1031 ad
512 990 662 1031 bellum
698 987 881 1044 quodviS‚
914 987 1173 1043 praesumitur
1207 987 1313 1030 ratio
1344 988 1487 1032 habita
1517 992 1635 1046 ¹ipru-

177 1055 327 1097 dentiae
361 1061 404 1098 et
437 1054 601 1111 pietatis
636 1053 722 1109 ejus
753 1052 914 1109 quicum
947 1052 1098 1110 agitur,
1123 1058 1169 1095 ut
1204 1053 1272 1109 qui
1304 1069 1386 1096 non
1409 1055 1529 1098 modo
1552 1070 1636 1097 non

176 1120 337 1177 injuste,
363 1121 435 1162 sed
458 1135 532 1162 nec
556 1125 710 1162 temere
734 1119 884 1161 bellum
908 1124 1170 1175 suscepturus
1194 1119 1417 1164 videretur.

274 1188 303 1228 4
352 1186 473 1236 Quod
498 1200 597 1228 vero
632 1184 711 1226 dici
742 1185 858 1235 solet,
891 1184 1106 1227 societates
1137 1190 1270 1228 morte
1299 1186 1418 1237 finiri,
1444 1187 1524 1229 huc
1555 1201 1636 1229 non
1654 1203 1718 1228 Dec.
1733 1204 1792 1229 Lib.
1806 1204 1824 1229 i.

175 1252 344 1294 adfero:
379 1251 559 1307 pertinet
591 1250 698 1292 enim
734 1251 811 1291 hoc
840 1251 894 1293 ad
923 1250 1137 1293 societates
1167 1251 1364 1308 privataS,
1389 1259 1431 1295 et
1447 1253 1552 1309 juris
1576 1237 1777 1295 est⁶⁰'²⁸'²²‘

175 1317 314 1360 civilis.
385 1318 490 1359 Jure
524 1331 624 1374 ergo
663 1330 716 1358 an
763 1316 912 1372 injuria
953 1317 1208 1367 sFidenates,
1248 1314 1415 1368 tLatini,
1457 1319 1635 1369 Etrusci,

177 1383 317 1426 Sabini
353 1397 378 1425 a
414 1383 556 1425 federe
595 1382 854 1424 discesserint
894 1382 1066 1425 mortuis
1105 1383 1294 1433 Romulo,
1337 1384 1468 1435 Tullo,
1507 1386 1635 1435 Anco,

173 1508 278 1528 sarum
302 1508 358 1528 rea:
384 1507 493 1527 manns
515 1497 672 1527 Armeniis
695 1497 871 1534 injectabat,

174 1557 225 1577 eos
239 1548 284 1577 ad
302 1557 390 1577 snam
410 1548 555 1576 ditionem
575 1555 612 1574 ez·
626 1547 745 1584 inteyro
760 1556 873 1575 vocare

173 1598 205 1627 vi
228 1597 326 1626 nimia
342 1606 528 1635 properans,
549 1595 604 1624 sed
630 1595 740 1631 injuste
749 1606 763 1631 ;
797 1605 870 1625 cau-

174 1648 272 1677 sando
287 1648 369 1686 quod
383 1650 455 1685 post
469 1646 602 1676 Joviani
623 1655 785 1681 excessum,
805 1656 872 1675 cum

175 1698 533 1736 quoficlusfirmaverat
548 1698 575 1724 et
586 1705 707 1733 pacem,
722 1695 804 1724 nihil
817 1695 869 1723 ol)-

174 1750 259 1775 stare
282 1746 397 1782 debeat,
421 1755 480 1784 qno
498 1745 597 1773 minus
615 1755 652 1773 ea
675 1749 872 1783 recuperaret

936 1498 1047 1527 tiniani
1065 1498 1166 1536 pactis
1183 1508 1252 1528 cum
1275 1500 1440 1530 Saracenis
1461 1501 1531 1530 vide
1550 1501 1636 1540 apud

935 1547 1146 1577 Menandrum
1182 1550 1403 1579 Protectorcm.
1443 1551 1536 1589 (Cap,
1574 1551 1636 1588 12.)

936 1597 1030 1626 Adde
1045 1607 1115 1635 quae
1132 1598 1269 1627 Helvetii
1281 1602 1450 1628 causantur
1464 1603 1536 1638 post
1550 1610 1636 1629 mor-

935 1649 1000 1675 tem
1022 1647 1150 1676 IIenrici
1169 1648 1232 1677 111.
1257 1649 1341 1686 apud
1366 1649 1533 1678 Thuanum
1555 1650 1636 1679 libro

936 1705 1044 1725 xcvn.
1060 1697 1092 1725 in
1108 1706 1190 1726 anno
1206 1698 1264 1727 elo
1280 1699 1317 1727 Io
1334 1707 1484 1729 Lxxmx.
1510 1699 1591 1729 Vide
1603 1704 1636 1729 et

935 1746 1090 1784 insignem
1102 1747 1206 1775 locum
1221 1748 1305 1785 apud
1322 1748 1515 1778 Camdenum
1532 1749 1563 1777 in
1578 1759 1635 1778 an-

175 1805 239 1834 quae
269 1799 340 1824 ante
368 1795 412 1824 ad
437 1795 570 1831 majores
597 1803 668 1823 suos
684 1795 872 1832 pertinuisse

175 1846 375 1876 monstrabat.
403 1844 499 1884 (Cap.
518 1844 567 1882 4.)
589 1843 708 1873 Similia
728 1844 766 1873 de
792 1843 870 1873 Jus-

936 1805 976 1824 no
992 1796 1050 1825 clo
1067 1796 1103 1825 Io
1118 1805 1232 1826 Lxxn.
1249 1797 1302 1825 ubi
1323 1797 1362 1826 de
1375 1798 1482 1827 federe
1503 1798 1636 1836 antiquo

938 1846 1103 1874 Gallorum
1119 1855 1190 1875 eum
1209 1846 1323 1876 Scotis.

173 2008 308 2054 Philip,
330 2008 457 2050 which,
484 2009 591 2044 when
611 2011 769 2044 Perseus
789 2009 845 2045 his
866 2021 934 2045 son
959 2011 1108 2046 refused
1134 2015 1172 2046 to
1198 2011 1460 2058 acknowledge
1489 2023 1528 2047 as
1549 2024 1634 2059 per-

172 2065 314 2111 taining
333 2069 372 2100 to
392 2065 481 2107 him,
501 2078 574 2101 war
594 2077 699 2101 arose
720 2077 768 2101 on
789 2067 870 2101 that
890 2068 1048 2112 ground.
1095 2069 1170 2102 But
1189 2068 1296 2103 other
1315 2069 1433 2103 words
1455 2069 1542 2111 also,
1559 2071 1634 2104 and

172 2121 237 2156 the
261 2126 397 2157 matter
420 2123 530 2164 itself,
558 2124 769 2159 sometimes
791 2124 924 2170 supply
946 2124 1123 2169 probable
1149 2125 1361 2170 conjecture
1382 2136 1430 2159 on
1451 2125 1526 2160 this
1546 2127 1633 2160 sub-

167 2179 256 2223 Ject.

241 2239 262 2271 3
292 2235 331 2270 If
347 2235 452 2271 there
472 2237 520 2271 bc
546 2238 654 2282 equal
681 2239 910 2282 conjectures
932 2237 1023 2272 each
1046 2249 1125 2283 way
1151 2237 1228 2280 (for
1254 2249 1277 2272 a
1306 2237 1384 2272 real
1409 2237 1482 2272 and
1507 2249 1530 2272 a
1549 2249 1633 2283 per-

172 2292 276 2326 sonal
303 2293 416 2338 pact),
442 2293 506 2328 the
530 2294 645 2328 result
673 2299 771 2328 must
793 2295 838 2328 be
859 2294 941 2329 that
965 2294 1180 2329 favourable
1203 2298 1306 2340 pacts
1334 2305 1398 2329 arc
1426 2298 1465 2329 to
1495 2295 1542 2330 be
1569 2295 1632 2330 be-

172 2348 291 2382 lieved
316 2349 404 2390 real,
430 2349 558 2384 odious
588 2361 688 2391 ones,
713 2351 896 2396 personal.
961 2351 1126 2385 Trcaties
1154 2351 1197 2385 of
1217 2362 1331 2396 peace
1357 2362 1399 2385 or
1426 2362 1633 2387 commerce

173 2415 236 2438 are
255 2404 492 2440 favoni-able:
525 2405 630 2441 those
656 2407 763 2441 made
789 2407 877 2441 with
907 2418 929 2441 a
958 2408 1048 2442 view
1077 2411 1115 2442 to
1146 2419 1229 2449 war,
1258 2413 1323 2442 not
1352 2408 1402 2442 all
1429 2408 1568 2449 odious,
1592 2419 1633 2443 as

173 2471 274 2495 some
303 2460 420 2501 think,
454 2462 553 2496 since
585 2463 798 2507 epimachics,
830 2469 1092 2509 engagements
1118 2465 1161 2499 of
1187 2469 1342 2510 support
1373 2465 1411 2498 in
1443 2464 1632 2500 defensive

174 2528 258 2557 war,
276 2527 338 2551 are
359 2528 489 2551 nearer
510 2522 547 2552 to
568 2518 708 2560 favour,
725 2521 962 2564 symmac-hies,
983 2526 1245 2567 engagements
1265 2526 1302 2556 to
1325 2533 1398 2555 war
1415 2521 1452 2554 in
1469 2521 1632 2566 general,

173 2584 305 2608 nearcr
325 2577 363 2607 to
384 2573 575 2609 burthcns.
637 2575 722 2609 Add
743 2580 780 2610 to
802 2576 932 2618 which,
954 2577 1035 2611 that
1057 2578 1094 2611 in
1116 2589 1137 2612 a
1158 2582 1280 2623 treaty
1312 2578 1464 2623 looking
1491 2582 1530 2612 to
1558 2590 1631 2624 any

173 2641 258 2671 war,
279 2630 308 2664 it
331 2630 359 2664 is
380 2630 577 2675 presumed
605 2631 685 2666 that
707 2637 865 2667 account
893 2634 923 2667 is
948 2633 1022 2667 had
1053 2633 1095 2667 of
1117 2634 1181 2669 the
1211 2634 1399 2680 prudence
1424 2635 1498 2668 and
1528 2636 1630 2681 piety

175 2686 217 2721 of
243 2686 306 2721 the
335 2697 470 2732 person
502 2688 645 2722 treated
676 2688 774 2730 with,
805 2699 844 2723 as
875 2700 945 2724 one
975 2689 1056 2724 who
1087 2691 1158 2724 will
1184 2695 1251 2726 not
1281 2691 1487 2726 undertake
1514 2703 1536 2726 a
1556 2703 1631 2726 war

174 2743 349 2788 unjustly,
368 2754 438 2777 nor
458 2754 549 2778 even
570 2744 704 2790 rashly.

248 2804 270 2834 4
309 2799 388 2834 The
410 2801 556 2841 maxim,
574 2800 655 2835 that
672 2801 925 2848 partnerships
946 2813 1009 2838 are
1026 2804 1222 2849 separated
1240 2804 1289 2849 by
1307 2804 1432 2846 death,
1455 2805 1474 2840 I
1494 2805 1542 2840 do
1560 2809 1628 2840 not

173 2854 263 2890 here
279 2856 441 2891 adduce:
464 2857 524 2891 for
537 2857 617 2892 that
634 2858 787 2904 belongs
809 2863 846 2893 to
868 2859 1010 2904 private
1026 2860 1290 2906 partnerships,
1309 2862 1382 2896 and
1400 2862 1429 2896 is
1450 2873 1472 2896 a
1493 2862 1630 2897 maxim

174 2911 217 2945 of
245 2913 338 2947 Civil
364 2913 462 2947 LaW.
524 2913 704 2949 Whether
733 2915 796 2950 the
827 2916 1037 2957 Fidenates,
1067 2917 1207 2958 Latius,
1227 2918 1439 2959 Etruscans,
1463 2919 1631 2960 Sabines,

174 2978 269 3004 were
297 2969 396 3015 right
429 2981 472 3005 or
502 2981 627 3016 wrong
655 2971 692 3005 in
721 2973 949 3018 renouncing
976 2973 1073 3008 their
1102 2974 1233 3020 league
1255 2974 1343 3010 with
1371 2975 1436 3011 the
1465 2977 1630 3010 Romans
