2018 3204
149 426 228 451 Tusc.
245 425 274 455 Q.
287 424 323 449 iii.

143 456 181 480 25.

361 173 445 212 224
791 180 859 214 DE
890 179 1020 215 JURE
1053 179 1383 214 SEPULTURAE.
1655 175 1751 220 [L113.
1771 178 1819 212 ΙΙ.

359 287 535 330 hominis
565 301 712 344 corpus
733 291 810 330 gex
839 292 953 329 terra
984 292 1120 329 ortum
1149 291 1274 329 terrae
1298 285 1451 335 deberi,
1483 299 1566 327 non
1590 286 1705 328 Deus
1734 291 1825 327 tan-

362 359 448 395 tum
474 353 632 395 Adamo
656 353 796 401 edixit,
830 353 901 394 sed
926 358 968 394 ct
990 351 1124 394 Graeci
1156 351 1374 407 Latinique
1404 351 1553 408 passim
1585 356 1822 409 agnoscunt.

365 419 507 462 Cicero
532 434 583 460 ex
607 417 816 475 Euripidis
841 417 1103 475 Hypsipyle:

821 497 1030 532 Reddenda
1050 501 1159 532 terrac
1176 500 1289 532 terra.

146 577 220 601 Ecce.
235 576 282 600 xii.
296 576 319 604 7-
362 565 418 605 Et
442 563 552 619 quod
570 563 680 619 apud
701 563 957 605 Salomonem
980 561 1152 619 legimus
1169 561 1381 617 pulverem
1406 561 1569 617 quidem
1592 561 1647 604 ad
1671 566 1826 604 terram

147 1352 211 1382 Cap.
225 1351 264 1375 22.

360 629 499 671 redire
534 629 655 684 quale
689 629 838 678 fuerat,
875 628 1064 685 spiritum
1104 633 1241 670 autem
1276 627 1329 670 ad
1362 628 1496 670 Deum
1535 627 1605 683 qui
1640 627 1825 677 dederat,

361 694 582 750 Euripides
604 696 681 737 hoc
712 694 844 751 ipsum
875 699 1163 752 argumentum
1188 708 1240 735 ex
1263 707 1438 750 persona
1470 693 1619 736 Thesei
1642 693 1685 735 in
1718 696 1827 750 Sup-

354 762 546 817 plicibus
569 766 753 803 tractans
776 760 831 802 sic
855 760 913 803 ait
939 762 1062 815 (vers.
1087 761 1187 810 531,
1212 765 1255 802 et
1277 760 1434 815 seqq.):

651 841 737 875 Jam
758 840 867 875 sinite
888 843 998 875 terrae
1015 843 1181 874 mortuos
1202 839 1343 884 gremio
1364 839 1440 883 tegi
1458 851 1465 872 :

652 898 728 932 Res
749 898 849 932 unde
869 908 1025 942 quaeque
1046 900 1228 931 sumserat
1247 895 1493 942 primordium

651 955 706 989 Eo
728 955 927 1000 recipitur:
961 954 1110 1000 spiritus
1132 953 1224 988 coelo
1242 953 1351 994 redit,

653 1012 870 1057 Corpusque
890 1015 1021 1046 terrae:
1049 1012 1134 1056 jure
1155 1022 1224 1045 nec
1245 1010 1344 1045 enim
1364 1010 1551 1055 mancupi,

654 1069 728 1103 Sed
749 1069 870 1103 brevis
892 1069 939 1103 ad
960 1069 1027 1103 aevi
1048 1072 1195 1114 tempus
1215 1067 1398 1102 utendum
1415 1067 1545 1101 datur:

652 1126 739 1160 Mox
760 1130 861 1160 terra
882 1126 1018 1171 repetit
1039 1126 1119 1171 ipsa
1140 1125 1240 1170 quod
1260 1125 1477 1159 nutriverat.

365 1189 580 1232 Lucretius
601 1190 785 1232 similiter
808 1190 860 1232 de
883 1196 999 1232 terra
1023 1190 1130 1244 (Lib.
1157 1204 1195 1232 v.
1219 1204 1325 1231 vers,
1354 1190 1514 1243 1260):

539 1270 786 1316 Omniparens
803 1270 934 1305 cadem
955 1281 1080 1304 rerum
1100 1273 1157 1304 est
1178 1280 1375 1304 commune
1396 1268 1646 1314 sepulchrum.

368 1334 510 1376 Cicero
535 1337 585 1377 de
608 1337 797 1390 Leyibus
821 1350 863 1377 11.
891 1350 941 1376 ex
966 1335 1269 1391 Xenophonte:
1293 1335 1492 1376 redditur
1517 1342 1641 1375 tcrroe
1665 1346 1831 1386 corpus,

366 1409 404 1442 ct
428 1402 495 1442 ita
521 1402 705 1443 locatum
729 1417 781 1443 ae
810 1403 940 1443 situm
963 1403 1090 1456 quasi
1118 1402 1374 1456 operimento
1404 1400 1561 1441 matris
1589 1399 1830 1440 obducitur.

426 1523 440 1545 g
461 1517 515 1546 Ex
531 1519 618 1546 terra
632 1519 734 1545 ortum
746 1520 837 1546 terroe
848 1516 966 1555 deberi]
989 1516 1010 1546 J
1013 1517 1062 1546 ob.
1125 1516 1197 1553 jam
1212 1515 1389 1554 defunctum
1404 1518 1568 1552 portantes
1584 1523 1621 1543 ne
1640 1514 1834 1543 laceraretur

366 1579 397 1599 x.
419 1569 448 1600 9.
471 1568 563 1597 Philo
584 1568 616 1596 in
637 1567 809 1597 Flaccum.-
844 1567 1027 1605 ἀνθρώποις
1048 1566 1066 1602 ἠ

368 1620 467 1657 φύσις
482 1617 681 1656 οἰκειότερον
691 1619 813 1656 χωρίον
825 1618 981 1655 ἀπένειμε
993 1619 1068 1656 γῆν,

368 1671 404 1698 οὺ
418 1668 516 1706 μόνον
531 1669 640 1706 ζῶσιν,
654 1667 745 1697 ἀλλά
760 1668 813 1696 καὶ
830 1667 1065 1703 ἀποθανοῦσιν,

366 1719 406 1747 ἵν’
422 1718 440 1752 ἠ
456 1717 539 1752 αὐτή
554 1718 608 1746 καὶ
622 1717 683 1752 τήν
703 1716 840 1753 πρώτην
863 1715 1068 1753 ὑποδέχηται

368 1768 511 1806 ’γένεο-ιν,
527 1768 579 1796 καὶ
589 1767 650 1802 τήν
662 1768 697 1796 ἐκ
707 1768 768 1796 τοῦ
779 1768 853 1805 βίου
865 1767 1068 1796 τελευταίαν

366 1817 539 1847 ἀνάλυσιν.
582 1817 755 1854 Proprium
775 1816 947 1845 hominibus
969 1816 1068 1846 locum

368 1872 486 1897 natura
500 1871 615 1897 terram
629 1867 749 1902 tribuit,
770 1876 823 1896 nec
843 1868 922 1896 vivis
941 1871 1067 1904 tantum,

368 1919 424 1948 sed
450 1921 477 1947 et
500 1917 641 1951 mortuis,
665 1920 699 1946 ut
725 1917 830 1946 eadem
856 1926 925 1954 quoe
946 1917 1069 1954 primos

368 1968 501 2005 suscepit
515 1966 643 2002 natales,
658 1966 811 2004 suscipiat
827 1969 854 1995 et
868 1975 904 1994 em
923 1966 982 1995 hac
1003 1967 1069 1994 vita

367 2018 494 2047 exitum.
528 2017 624 2054 (Pag.
643 2016 701 2046 991
718 2016 767 2054 c.)
810 2017 972 2052 Attamen,
987 2017 1069 2046 sicut

369 2067 492 2096 nullum
508 2068 555 2095 est
569 2066 601 2093 in
616 2065 742 2094 homine
759 2065 879 2093 factum
900 2065 1068 2102 laudabile,

369 2115 459 2153 cujus
474 2123 537 2143 non
552 2113 719 2152 vestig-ium
736 2113 769 2141 in
789 2113 850 2141 alio
872 2113 978 2151 aliquo
1000 2113 1067 2141 ani-

368 2164 523 2193 mantium
548 2172 665 2201 genere
686 2163 775 2192 Deus
797 2162 949 2200 posuerit,
971 2162 1016 2191 ita
1038 2165 1070 2192 et

369 2213 401 2241 in
426 2212 484 2241 hac
504 2221 539 2240 re
561 2211 682 2240 evenit:
710 2211 749 2240 de
771 2210 924 2239 Formicis
950 2211 1071 2240 Plinius

368 2262 450 2291 libro
477 2270 526 2290 XI.
554 2262 605 2291 30.
642 2260 840 2298 Sepeliuntur
869 2261 948 2289 inter
970 2270 1002 2290 se
1024 2261 1070 2289 vi-

369 2312 501 2341 ventium
510 2311 718 2349 solae,proeter
732 2311 891 2339 hominem.
907 2312 954 2340 At
968 2311 993 2339 is
1004 2311 1071 2348 ipse

370 2362 409 2391 de
437 2361 606 2400 Delphinis
633 2361 703 2390 Lib.
733 2369 782 2389 lx.
809 2361 839 2390 8.
860 2361 1073 2399 conspectique

1134 1575 1156 1594 a
1164 1566 1282 1595 belluis.
1307 1565 1350 1594 Et
1361 1565 1399 1593 de
1408 1564 1531 1602 Apibus
1540 1563 1694 1601 Virgilius
1704 1561 1834 1600 (Georq.

1135 1623 1181 1644 IV.
1198 1615 1287 1653 256):

1227 1674 1296 1698 Tum
1308 1680 1420 1704 corpora
1431 1674 1490 1698 luce
1502 1675 1650 1703 carentum,

1136 1716 1286 1747 Exportant
1297 1716 1378 1745 tectis,
1392 1718 1418 1741 et
1429 1716 1514 1740 tristia
1524 1716 1620 1740 funera
1630 1714 1741 1739 ducunt.

1137 1770 1262 1799 Servius
1274 1781 1283 1799 ε
1304 1779 1371 1798 cum
1381 1769 1553 1807 exsequiali
1566 1769 1684 1798 scilicet
1692 1777 1823 1806 pompa.

1196 1819 1209 1837 ⁵
1223 1819 1296 1848 Non
1311 1820 1343 1847 id
1357 1819 1436 1848 dixit
1447 1819 1650 1848 Democritus
1664 1829 1671 1847 :
1693 1818 1748 1847 sed
1763 1827 1836 1847 ecce

1135 1869 1232 1898 verba
1255 1869 1380 1905 Pmnn,
1398 1878 1533 1906 quorum
1554 1877 1680 1897 sensum
1701 1868 1837 1897 mutavit

1138 1919 1274 1955 Auctor,
1295 1919 1369 1947 dum
1398 1928 1436 1947 ex
1463 1919 1615 1947 memoria
1643 1918 1764 1954 citaret,
1786 1918 1837 1947 vel

1136 1968 1324 1997 festinanter
1337 1968 1459 2005 legeret
1472 1977 1480 1996 ε
1497 1967 1618 1996 Similis
1632 1970 1675 1996 est
1689 1970 1717 1996 ct
1731 1966 1836 1996 dead-

1136 2017 1299 2046 servandis
1311 2017 1494 2054 corporibus
1515 2017 1680 2052 homz'num,
1694 2025 1733 2045 ac
1753 2017 1835 2045 revi-

1137 2066 1284 2103 viscendi,
1304 2066 1465 2104 promissa
1491 2066 1672 2094 Democrito
1701 2065 1837 2101 vanitas,

1138 2116 1192 2154 qui
1206 2125 1266 2144 uon
1280 2115 1394 2144 revixit
1404 2116 1479 2153 ipse.
1520 2114 1640 2152 Agitur
1653 2114 1695 2143 ibi
1711 2117 1837 2143 tantum

1138 2166 1177 2194 de
1198 2165 1428 2194 resurrectione
1448 2165 1594 2202 quadam,
1616 2163 1704 2202 cujus
1724 2163 1837 2202 imagi-

1138 2221 1210 2241 nem
1226 2212 1283 2241 sibi
1298 2212 1432 2241 finxerat
1446 2211 1667 2249 Philosophus,
1680 2219 1837 2248 quamque

1139 2261 1260 2290 Plinius
1287 2264 1379 2290 vocat
1398 2261 1645 2290 adscrvationem
1673 2269 1838 2297 corporum

1138 2312 1358 2342 humanorum.
1401 2312 1526 2341 Auctor
1546 2312 1596 2341 vel
1624 2311 1714 2350 legit,
1735 2310 1785 2339 vel
1805 2310 1838 2338 in

1139 2364 1246 2391 mente
1273 2361 1396 2398 habuit,
1424 2361 1515 2399 quasi
1541 2361 1637 2390 verba
1663 2360 1707 2389 sic
1734 2359 1839 2398 posita

370 2529 471 2563 earth
500 2540 540 2562 as
570 2528 597 2562 it
628 2539 713 2569 was,
738 2528 814 2562 aud
833 2528 886 2562 the
905 2527 1010 2573 spirit
1034 2528 1127 2562 shall
1147 2534 1272 2563 return
1292 2534 1325 2562 to
1350 2527 1433 2562 God
1459 2528 1535 2561 who
1554 2538 1641 2572 yave
1665 2527 1705 2562 it.
1767 2526 1839 2561 See

370 2585 592 2631 Euripides3
622 2585 840 2626 Lucretius;
870 2585 1010 2626 Cicero,
1037 2585 1136 2619 from
1162 2584 1387 2630 Xenophon.
1434 2584 1544 2630 Pliny
1562 2595 1644 2629 says
1668 2583 1751 2618 that
1774 2582 1839 2618 the

371 2641 478 2676 earth
506 2641 668 2676 receives
695 2653 738 2676 us
758 2641 866 2676 when
895 2653 949 2676 we
975 2653 1038 2676 arc
1058 2642 1192 2683 born*,
1216 2641 1409 2676 nourishes
1437 2652 1480 2675 us
1509 2652 1549 2675 as
1569 2651 1623 2675 we
1647 2651 1747 2685 grow
1776 2651 1839 2685 up,

371 2699 476 2733 feeds
497 2709 539 2733 us
570 2702 609 2732 at
639 2709 754 2744 every
774 2709 854 2744 age,
879 2698 953 2732 and
983 2702 1022 2733 at
1051 2698 1123 2733 last
1153 2699 1313 2734 receives
1338 2709 1381 2733 us
1406 2698 1485 2732 into
1515 2698 1563 2733 its
1593 2697 1722 2732 bosom
1752 2707 1791 2731 as
1816 2707 1838 2730 a

372 2755 530 2796 mother,
555 2755 661 2789 when
682 2755 746 2790 the
767 2759 843 2790 rest
864 2755 906 2789 of
921 2759 1052 2790 nature
1069 2756 1201 2800 rejects
1219 2767 1273 2790 us.

451 2815 471 2845 3
509 2811 644 2846 Others
660 2812 769 2846 think
785 2812 867 2846 that
888 2812 952 2846 the
972 2812 1071 2858 hope
1093 2812 1135 2846 of
1152 2812 1216 2846 the
1236 2812 1486 2847 resurrection
1506 2822 1578 2846 was
1599 2808 1777 2845 intended
1797 2811 1836 2843 to

374 2865 422 2900 be
443 2867 596 2901 marked
613 2868 662 2913 by
680 2868 753 2903 this
779 2869 953 2914 practice,
972 2869 1045 2903 and
1066 2869 1304 2904 transmitted
1322 2873 1360 2904 to
1382 2869 1573 2915 posterity.
1626 2867 1676 2901 So
1696 2866 1837 2900 Demo·

402 2941 420 2957 *
443 2942 614 2980 Referring
628 2946 661 2972 to
678 2945 733 2973 the
747 2945 885 2983 practice
901 2946 936 2974 of
947 2946 1053 2984 laying
1067 2955 1086 2975 a
1100 2947 1269 2976 new-born
1285 2945 1369 2975 child
1383 2954 1424 2974 on
1438 2945 1492 2974 the
1506 2942 1641 2982 ground.
1670 2941 1807 2972 Gronov.
1842 2948 1851 2954 ”
