2018 3204
153 590 250 615 Everh.
261 591 291 615 in
301 591 350 616 loc.

152 629 171 647 a
183 623 236 646 rat.
248 622 294 652 leq.

153 653 190 676 ad
202 652 318 676 restrict.

151 685 176 708 et
188 683 217 707 in
230 683 277 707 loc.
290 689 309 706 a

153 716 205 738 rat.
218 714 264 743 Ity.
278 713 316 738 ad

152 745 301 770 extension.

799 205 867 240 DE
899 203 952 238 IN
959 201 1398 238 TERPRETATIONE.
1665 200 1760 245 [LIB.
1776 202 1826 238 ΙΙ.

372 199 455 243 174

369 315 579 360 liberalius
602 315 776 371 ΥΞοὶῙήο,
812 314 964 362 Caesar,
993 311 1182 354 Julianus
1211 311 1287 362 his,
1319 311 1389 367 qui
1413 310 1571 367 pariter
1599 326 1737 354 muros
1767 326 1830 354 as-

370 383 606 432 cenderant,
640 381 769 423 solida
802 378 971 436 praemia
1005 377 1251 420 tribuerunt.
1315 379 1371 419 Et
1405 378 1494 419 haec
1526 377 1688 433 quidem
1721 378 1831 420 dicta

370 455 490 491 sunto
514 448 565 490 de
594 445 934 502 interpretatione
958 458 1020 493 ea,
1050 458 1142 499 quae
1165 443 1386 485 verborum
1416 443 1701 500 significationi
1735 457 1830 500 pro-

371 514 472 571 priae
494 513 561 555 vel
582 511 819 569 impropriae
842 515 1022 566 aptatur.

470 579 566 621 XX.
625 581 649 619 1
697 578 774 619 Est
795 582 836 618 et
859 576 971 617 aliud
1000 573 1300 630 interpretandi
1329 589 1470 631 genus,
1497 590 1548 616 ex
1572 574 1827 632 conjecturis,

369 650 489 688 extra
506 642 840 701 significationem
856 642 1091 690 verborum,
1111 655 1252 682 eorum
1266 640 1428 690 scilicet,
1451 641 1596 697 quibus
1617 640 1829 697 promissio

368 711 624 754 continetur:
662 709 785 764 idque
810 708 974 764 dupleX,
1006 706 1071 748 vel
1094 707 1322 748 extendens
1353 706 1418 748 vel
1449 713 1672 749 coarctans.
1746 707 1830 749 Sed

369 792 462 834 quae
508 775 693 819 extendit
733 773 1018 830 interpretatio
1059 772 1257 814 difficilius
1302 772 1499 828 procedit,
1540 773 1695 815 facilius
1736 787 1829 828 quae

369 849 513 886 arctat.
572 842 680 883 Nam
704 840 807 882 sicut
825 840 866 881 in
888 840 1011 881 rebus
1035 838 1231 888 omnibus,
1255 843 1301 880 ut
1324 838 1492 880 effectus
1515 853 1597 880 non
1618 845 1826 895 sequatur,

369 909 468 952 satis
489 914 552 950 est
574 922 696 950 unam
721 907 861 949 deesse
893 920 1120 954 causarum,
1151 910 1198 946 ut
1220 909 1423 953 nascatur,
1449 919 1588 946 omnes
1611 904 1828 947 convenire

370 981 555 1032 oportet;
575 974 634 1016 ita
651 979 693 1016 et
713 973 756 1014 in
773 972 1019 1030 obligatione
1042 970 1276 1026 conjectura
1296 970 1522 1012 extendens
1537 970 1828 1027 obligationem

369 1057 452 1084 non
482 1048 637 1084 temere
670 1039 925 1082 admittenda
956 1043 1041 1079 est:
1076 1037 1285 1092 multoque
1313 1035 1378 1078 hio
1405 1036 1602 1079 difficilius
1630 1050 1754 1092 quam
1784 1036 1828 1078 in

368 1122 477 1157 casu,
502 1107 554 1149 de
577 1121 656 1162 quo
685 1120 809 1161 supra
839 1104 1084 1154 dicebamus,
1113 1102 1183 1144 ubi
1205 1103 1333 1145 verba
1353 1102 1513 1160 largam
1544 1102 1721 1158 aliquam
1745 1102 1828 1160 sig-

367 1173 651 1221 nificationem,
681 1171 757 1214 etsi
780 1171 912 1212 minus
937 1175 1156 1225 receptam,
1182 1168 1414 1210 admittunt.
1484 1169 1593 1210 Nam
1617 1168 1682 1210 hic
1706 1175 1828 1210 extra

367 1240 496 1281 verba
526 1237 807 1294 promittentia
841 1236 1117 1291 conjecturam
1149 1234 1380 1289 quaerimus,
1425 1249 1517 1291 quae
1549 1235 1670 1277 valde
1714 1239 1827 1277 certa

367 1320 456 1347 esse
490 1305 625 1354 debet,
657 1309 704 1346 ut
727 1302 1017 1360 obligationem
1048 1300 1226 1350 inducat,
1261 1315 1335 1341 nco
1357 1300 1462 1343 ratio
1494 1301 1634 1343 similis
1663 1300 1824 1351 sufficit,

1129 1417 1221 1453 dum3
1243 1417 1291 1446 vel
1306 1418 1347 1453 >in
1372 1426 1524 1446 commune
1540 1416 1707 1455 possideri,
1728 1419 1760 1445 et
1781 1416 1826 1445 ita

1129 1466 1359 1504 possidebitur3
1380 1467 1428 1495 vel
1451 1470 1598 1495 neutrum
1619 1466 1687 1494 fieri
1708 1469 1825 1504 potest,

1129 1520 1162 1545 et
1184 1520 1260 1544 tunc
1280 1516 1330 1545 vel
1351 1525 1388 1545 ex
1411 1519 1501 1552 sorte,
1524 1516 1573 1544 vel
1594 1525 1632 1545 ex
1646 1519 1752 1554 pacto,
1774 1525 1825 1544 res

364 1422 527 1462 praemium
544 1420 732 1459 promissum
748 1421 805 1454 est,
819 1418 919 1456 possit
937 1417 1059 1453 iterari,

364 1476 421 1502 aut
434 1481 503 1500 non.
546 1468 832 1508 Siprizts,jubendi
847 1470 920 1496 sunt
935 1467 989 1503 illi,
1005 1466 1060 1504 qui

363 1522 528 1561 praemium
543 1520 696 1555 ambiunt,
712 1519 826 1548 iterum
845 1527 870 1546 e.
883 1526 912 1555 g.
935 1525 1059 1545 cursum

363 1574 539 1603 instituere.
576 1571 608 1600 Si
621 1569 788 1608 posterius,
800 1568 850 1597 vel
864 1568 966 1606 ipsum
975 1576 1060 1604 prce-

363 1625 457 1654 mz'um
472 1623 537 1651 sine
551 1619 750 1649 incommodo
771 1622 826 1647 aut
847 1626 941 1646 onere
963 1617 1059 1644 nimio

363 1671 569 1710 multiplicari
589 1673 706 1709 potest,
727 1669 777 1698 vel
798 1678 858 1697 nou
872 1671 984 1706 potest.
1027 1666 1060 1696 Si

359 1727 469 1763 potest,
490 1723 617 1760 utrique
640 1721 774 1750 solidum
795 1718 960 1757 praemium
981 1718 1059 1746 dan-

363 1774 448 1808 dum,
477 1781 574 1810 quum
600 1774 733 1808 uterque
756 1769 886 1798 meritus
909 1768 959 1797 sit.
1003 1768 1061 1797 Sin

362 1823 472 1855 minus,
493 1820 656 1858 praemium
683 1820 731 1848 vel
756 1818 857 1847 [lividi
884 1820 999 1855 potest,
1028 1821 1060 1846 et

363 1873 440 1900 tunc
454 1870 536 1899 inter
555 1869 626 1898 illos
639 1867 737 1905 aequis
758 1868 900 1906 partibus
917 1867 1059 1896 dividen-

1129 1566 1184 1595 uni
1198 1566 1414 1604 adjudicanda.
1444 1566 1523 1600 Quae
1538 1567 1642 1595 omnia
1655 1566 1755 1595 fusius
1769 1566 1825 1595 de-

1129 1615 1274 1644 duximus
1289 1620 1320 1645 et
1335 1616 1535 1654 probavimus
1550 1616 1581 1644 in
1601 1616 1693 1646 Notis
1708 1617 1824 1645 nostris

1131 1666 1271 1695 Gallicis.
1311 1667 1345 1696 J.
1360 1667 1403 1697 B.

1187 1722 1199 1744 y
1222 1716 1344 1755 Scipio]
1369 1717 1473 1755 Capta
1490 1717 1684 1757 Carthagine
1698 1728 1778 1748 nova
1791 1719 1824 1748 in

1129 1767 1293 1804 Hispania.
1331 1767 1460 1805 [Refert
1479 1768 1511 1796 id
1525 1768 1642 1805 Livius,
1658 1778 1757 1798 xxvr.
1772 1770 1822 1800 48.

1130 1817 1222 1846 Adde
1244 1816 1406 1855 Excerpta
1427 1826 1465 1846 ex
1486 1818 1590 1847 Dione
1613 1819 1731 1856 Cassio,
1748 1828 1823 1858 pag.

1127 1868 1195 1898 602.
1209 1868 1292 1897 inter
1306 1868 1383 1897 Exc.
1398 1868 1503 1898 vales.
1544 1868 1580 1898 J.
1591 1868 1651 1907 B.]

362 2038 517 2069 matters
538 2033 580 2068 of
595 2033 747 2073 favour3
773 2032 837 2067 the
857 2032 1018 2066 sounder
1039 2032 1189 2077 opinion
1209 2032 1250 2073 is,
1271 2032 1353 2066 that
1379 2031 1442 2066 the
1468 2035 1539 2065 two
1565 2031 1698 2066 should
1714 2031 1822 2067 share

364 2092 429 2126 the
452 2091 570 2136 prize:
602 2089 746 2135 though
778 2089 913 2134 Scipio,
939 2089 1070 2129 Caesar,
1090 2089 1227 2130 Julian,
1257 2099 1359 2123 more
1390 2089 1560 2133 liberally
1588 2099 1680 2133 gave
1705 2099 1728 2122 a
1753 2089 1823 2123 full

362 2149 461 2195 prize
482 2151 521 2182 to
541 2146 633 2182 both
655 2146 697 2181 of
714 2146 819 2180 those
839 2145 920 2179 who
941 2145 1015 2179 had
1032 2146 1210 2180 mounted
1230 2145 1294 2180 the
1317 2145 1415 2179 walls
1437 2149 1475 2179 at
1494 2145 1559 2180 the
1580 2156 1680 2179 same
1700 2145 1802 2180 time.

434 2204 518 2239 And
536 2215 575 2238 so
597 2203 707 2238 much
725 2203 768 2237 of
784 2202 847 2237 the
868 2203 1154 2248 interpretation
1171 2202 1290 2237 which
1311 2203 1339 2237 is
1357 2202 1518 2248 adapted
1541 2207 1579 2237 to
1600 2202 1665 2237 the
1685 2213 1823 2248 proper

361 2273 405 2297 οι·
424 2263 612 2307 improper
631 2260 876 2305 signification
898 2259 940 2294 of
957 2259 1085 2294 words.

434 2319 523 2353 XX.
585 2322 603 2352 1
637 2317 758 2352 There
777 2317 807 2352 is
829 2317 905 2351 also
933 2316 1090 2351 another
1115 2316 1207 2350 kind
1227 2316 1270 2351 of
1291 2317 1587 2362 interpretation,
1606 2316 1703 2350 from
1725 2316 1822 2351 Con-

356 2377 531 2422 jectures,
563 2378 785 2410 extraneous
809 2378 849 2408 to
879 2373 943 2408 the
964 2374 1210 2419 signification
1240 2374 1284 2408 of
1310 2373 1375 2408 the
1405 2373 1523 2408 words
1549 2374 1587 2407 in
1616 2373 1736 2408 which
1757 2374 1822 2409 the

359 2433 521 2479 promise
538 2433 567 2467 is
584 2431 712 2466 made:
735 2432 808 2465 and
823 2431 896 2465 this
909 2431 1193 2476 interpretation
1209 2431 1238 2464 is
1256 2430 1419 2471 twofold,
1437 2430 1556 2466 either
1569 2430 1768 2477 extending
1780 2442 1823 2466 or

359 2490 570 2534 restricting
582 2489 646 2524 the
659 2488 842 2533 meaning.
875 2489 950 2522 But,
963 2487 1026 2522 the
1039 2488 1324 2533 interpretation
1337 2487 1456 2523 which
1469 2488 1634 2528 extends,
1644 2488 1822 2533 proceeds

359 2558 463 2582 more
484 2546 688 2592 difficultly,
704 2545 785 2580 that
801 2545 921 2580 which
941 2545 1116 2586 restricts,
1133 2556 1236 2579 more
1257 2545 1381 2590 easily.
1423 2545 1497 2579 For
1510 2555 1549 2578 as
1565 2545 1604 2578 in
1620 2545 1671 2578 all
1687 2544 1822 2590 things,

360 2605 399 2638 in
420 2603 530 2638 order
554 2603 637 2637 that
656 2602 721 2637 the
741 2602 850 2637 effect
880 2613 966 2648 may
993 2606 1060 2636 not
1084 2601 1220 2641 follow&
1248 2602 1277 2636 it
1302 2602 1332 2636 is
1362 2601 1510 2647 enough
1535 2601 1569 2635 if
1593 2612 1664 2636 one
1690 2601 1733 2635 of
1756 2602 1821 2636 the

360 2671 487 2695 causes
504 2660 552 2695 be
569 2660 730 2705 wanting
744 2672 753 2701 3
771 2659 844 2694 and
861 2660 899 2693 in
916 2659 1026 2693 order
1043 2658 1125 2693 that
1144 2659 1173 2693 it
1194 2669 1278 2704 may
1295 2659 1382 2693 take
1399 2659 1516 2704 place,
1534 2659 1563 2693 it
1580 2658 1609 2693 is
1626 2669 1821 2704 necessary

360 2717 443 2751 that
467 2717 517 2751 all
546 2717 738 2762 conspire;
768 2728 808 2751 so
838 2717 876 2750 in
903 2716 1107 2761 obligation
1137 2715 1225 2757 also,
1246 2727 1268 2749 a
1289 2716 1501 2760 conjecture
1530 2714 1730 2760 extending
1755 2714 1820 2749 the

361 2773 564 2818 obligation
585 2774 614 2808 is
635 2778 701 2808 not
720 2773 854 2818 lightly
875 2776 913 2807 to
934 2773 981 2807 be
1006 2772 1208 2813 admitted3
1239 2772 1313 2806 and
1336 2773 1375 2806 in
1397 2772 1469 2806 this
1491 2783 1573 2806 case
1597 2773 1627 2806 it
1651 2772 1681 2805 is
1707 2770 1820 2805 much

360 2840 464 2863 more
485 2830 638 2864 difficult
658 2830 750 2864 than
770 2831 808 2864 in
829 2830 893 2864 the
914 2841 997 2864 case
1018 2829 1137 2863 which
1155 2840 1207 2863 we
1224 2829 1339 2874 spoke
1360 2829 1402 2862 of
1417 2828 1558 2869 before,
1578 2832 1617 2862 to
1638 2827 1758 2872 assign
1778 2831 1818 2862 to

360 2885 479 2918 words
504 2896 605 2920 some
630 2886 731 2931 large
755 2887 824 2921 but
853 2887 1011 2920 unusual
1040 2886 1297 2931 signification.
1349 2886 1424 2920 For
1453 2885 1554 2925 here,
1585 2883 1726 2918 besides
1753 2883 1818 2918 the

359 2940 478 2975 words
499 2941 541 2975 of
562 2943 733 2987 promise,
753 2954 807 2978 we
831 2943 925 2977 have
951 2947 990 2977 to
1017 2943 1102 2977 look
1124 2943 1185 2976 for
1203 2953 1305 2977 some
1326 2942 1548 2987 conjecture,
1564 2939 1683 2974 which
1703 2940 1819 2986 ought
