2018 3204
343 168 425 207 26AE
933 174 1001 208 DE
1032 173 1213 207 POENIS.
1641 171 1737 216 [Lm.
1751 173 1802 208 ΙΙ.

126 296 187 319 Son.
202 296 235 320 de
247 296 306 326 Ira,

124 327 143 350 n
164 327 188 350 Ἡ
343 293 551 326 venenata
570 286 775 340 percutio.
841 284 896 323 Et
917 281 1038 322 alibi:
1074 297 1124 323 nc
1148 283 1320 336 viperas
1343 283 1510 337 quidem
1541 290 1579 324 ec
1602 283 1804 332 natrices,

344 358 381 392 ct
409 351 449 392 si
481 366 569 406 qua
602 365 745 391 morsu
774 356 851 389 aut
885 349 975 388 ictu
1005 355 1165 395 nocent,
1191 348 1475 401 (ffliyeremus‚
1500 350 1541 389 si
1563 356 1611 389 ut
1634 349 1805 403 reliqua

343 418 659 470 mansuefacere
682 428 914 469 possemus,
952 421 1029 455 aut
1064 414 1217 467 efficere
1251 427 1301 454 nc
1330 414 1450 454 nobis
1474 414 1660 468 aliisque
1686 415 1805 468 peri·

344 482 437 523 culo
461 489 604 523 essent.
674 481 797 533 Erfjo
832 494 883 521 ne
916 480 1081 520 homini
1112 479 1283 534 quidem
1315 479 1553 521 nocebimus
1575 480 1680 532 quia
1705 493 1806 534 pec-

344 548 472 595 cavit,
498 548 572 588 sed
593 561 644 587 oze
660 553 817 600 peccet.

444 613 472 652 4
521 611 602 653 Sed
634 626 725 652 cum
756 616 798 652 et
828 609 926 652 facti
950 609 1157 666 inquisitio
1182 624 1292 666 saepe
1316 625 1508 668 magnam
1533 609 1802 667 diligentiam,

344 682 386 719 et
409 691 544 733 poenae
580 677 794 719 {estimatio
825 676 997 718 multum
1026 676 1258 732 prudentiae
1292 682 1334 719 et
1357 676 1561 732 aequitatis
1585 676 1802 726 desideret,

343 757 396 784 ne
419 743 515 785 dum
541 743 711 799 quisque
741 743 793 785 de
822 757 865 784 se
893 742 1060 783 nimium
1084 748 1364 798 praesumeret,
1390 742 1479 784 aliis
1500 757 1582 784 non
1603 741 1804 784 credenti-

344 809 432 858 bus,
468 809 571 850 rixae
609 809 828 858 orirentur,
867 823 914 850 eo
955 808 1106 864 placuit
1146 807 1353 849 hominum
1384 807 1507 863 justis
1539 807 1805 849 communita-

344 874 453 916 tibus
488 890 556 917 eos
591 875 773 932 deligere
807 889 908 931 quos
940 874 1114 930 optimos
1148 889 1195 915 ac
1227 873 1563 930 prudentissimos
1595 878 1803 929 putarent,

344 946 416 983 aut
455 941 544 982 fore
575 947 802 997 sperarent.
873 941 989 982 Idem
1020 940 1307 982 Democritus:
1348 937 1421 984 οὑκ
1461 936 1513 983 ἂν
1545 935 1731 983 ἐκώλυον
1766 943 1805 982 οἱ

347 1005 460 1058 νόμοι
497 1004 572 1070 ζῇν
607 1006 797 1051 ἕκασΤΟν
831 1003 922 1050 Κατ,
973 1001 1077 1049 ἰδίαν
1112 1003 1323 1063 ἐξθυσῖαν,
1359 1007 1395 1049 ΕΞ
1430 1002 1488 1057 μή
1520 1003 1671 1064 ἕΤΕρΟς
1705 1002 1802 1048 ἔΤΕ·

343 1092 419 1132 ρον
472 1071 752 1125 ἐλυμαίνετο·
809 1070 974 1117 (heduos
1023 1069 1116 1132 ’γάρ
1163 1068 1347 1118 στάσιος
1395 1068 1539 1132 ἀρχήν
1586 1068 1805 1130 ἄπειρ’γά-

346 1136 449 1199 ζετο
467 1153 475 1162 ·
511 1155 594 1182 non
620 1141 942 1195 prohibuissent
966 1141 1112 1194 utique
1149 1139 1255 1193 loyes
1286 1153 1360 1180 suo
1393 1152 1594 1194 quemque
1618 1138 1806 1179 arbitrio

343 1207 496 1254 vivere,
533 1208 621 1247 nisi
666 1207 778 1247 alter
821 1206 1005 1246 alterum
1048 1206 1250 1259 offensum
1284 1205 1416 1246 iisset.
1478 1205 1660 1246 Invidia
1694 1204 1804 1245 enim

343 1273 546 1313 seditioni
573 1273 750 1313 molitur
779 1273 1012 1313 exordium.

445 1338 470 1377 5
520 1337 603 1378 Sed
638 1336 741 1378 sicut
775 1336 817 1377 in
850 1336 1003 1378 ultione
1030 1336 1183 1378 factum
1216 1335 1335 1377 modo
1368 1335 1558 1384 diximus,
1594 1333 1653 1377 ita
1687 1339 1729 1377 et
1763 1333 1805 1375 in

342 1401 419 1444 hac
441 1402 495 1444 ad
519 1402 753 1458 exemplum
777 1401 989 1458 punitione
1021 1406 1188 1444 manent
1211 1401 1386 1459 vestigia
1407 1416 1454 1443 ac
1476 1400 1659 1457 reliquiae
1683 1399 1806 1457 prisci

125 953 147 975 A
154 951 207 981 pud
220 952 294 976 Stob.

129 983 213 1006 Set-m.
224 984 263 1006 313.

340 1525 378 1545 ea
392 1525 461 1555 quoe
474 1516 523 1546 sui
537 1519 654 1546 natura
669 1519 739 1545 sunt
752 1516 868 1553 injusta
886 1519 914 1545 et
932 1526 1040 1546 nocere

341 1566 492 1602 amantia,
513 1574 637 1604 quisque
650 1566 763 1603 impetu
785 1565 902 1603 inqenii
922 1566 972 1594 sui
984 1566 1039 1603 fh-

339 1619 451 1644 rmztur
469 1617 502 1644 in
515 1616 608 1644 obvia
627 1615 771 1653 cujusque
786 1615 967 1652 perniciem,
988 1624 1040 1644 oc-

339 1666 441 1695 cidere
465 1666 586 1695 ratione
612 1675 672 1694 non
698 1669 794 1694 caret.
836 1665 931 1703 (Pag.
957 1665 1040 1702 159.)

340 1716 384 1745 Et
398 1717 457 1745 hoc
477 1720 525 1746 est
539 1717 625 1754 quod
646 1716 719 1745 vult
733 1716 932 1754 Pythagoras
954 1716 1039 1753 apud

343 1768 490 1796 Ovidium
507 1767 638 1796 DIetam.
655 1775 714 1795 xv.
755 1766 966 1804 Nostrumque
983 1776 1039 1803 pe-

341 1819 437 1847 tentia
451 1819 563 1847 lethum
582 1818 728 1855 Corpora
747 1818 843 1845 missa
864 1818 930 1846 neci
949 1817 1040 1846 salva

335 1868 615 1906 pictatcfatemur.
658 1867 762 1903 (Vers.
777 1868 843 1902 108,
859 1867 940 1903 109.)

400 1917 414 1938 k
435 1918 529 1947 Illic-0
549 1927 570 1946 a
584 1917 693 1955 quovis
713 1917 831 1945 homine
844 1919 972 1953 poterat
991 1917 1039 1944 in-

341 1967 455 2006 teificz']
473 1968 565 1997 Adde
580 1968 684 1996 locum
696 1965 830 2003 Josephi
843 1974 906 1994 ΧΠ.
922 1966 962 2003 (6.
979 1966 996 2004 ἓ
1010 1968 1040 1996 2.

341 2018 407 2047 Ed.
439 2017 559 2054 Huds.)
600 2017 720 2046 Mosen]
746 2016 971 2044 Maimonidem
999 2017 1039 2045 ad

344 2076 422 2097 xm.
447 2067 607 2103 articulos,
628 2069 660 2096 et
681 2066 856 2095 Direetoris
878 2065 958 2094 libro
982 2074 1035 2095 111.

1107 1526 1133 1546 c.
1150 1517 1199 1546 41.

1167 1566 1180 1584 ⁶
1202 1566 1274 1595 Non
1290 1566 1484 1605 simpliciter,
1501 1566 1555 1595 sed
1570 1567 1738 1604 postquam
1754 1576 1807 1595 ac-

1108 1619 1235 1645 cusatus
1250 1619 1282 1645 et
1296 1617 1464 1646 damnatus
1478 1617 1583 1645 fuerat
1597 1625 1616 1644 a
1628 1615 1651 1645 J
1655 1616 1807 1645 udicibus.

1109 1666 1190 1696 Vide
1199 1667 1481 1696 PUFENDORFNJM
1497 1670 1650 1703 nostrum,
1665 1667 1716 1696 De
1725 1666 1807 1696 Jure

1108 1716 1187 1746 Nat.
1203 1720 1231 1746 et
1248 1716 1339 1746 Gent.
1360 1717 1430 1747 Lib.
1446 1725 1523 1747 vm.
1544 1726 1615 1755 cap.
1631 1718 1661 1746 3.
1677 1716 1695 1755 ἓ
1711 1718 1758 1746 13.
1774 1719 1806 1745 et

1110 1768 1328 1797 Clarissimum
1344 1768 1528 1797 CLERICUM
1543 1767 1575 1796 in
1590 1767 1695 1796 locum
1717 1767 1805 1796 Deu-

1108 1820 1210 1847 teron.
1228 1819 1266 1847 de
1281 1827 1344 1856 quo
1359 1819 1475 1856 agitur.
1517 1818 1553 1847 J.
1567 1818 1610 1848 B.

1171 1867 1177 1887 ¹
1197 1868 1361 1897 chdicizcm
1380 1867 1454 1905 zeli]
1475 1867 1557 1897 Vide
1577 1869 1593 1896 l
1609 1866 1754 1896 Maccab.
1771 1867 1805 1897 ii.

1108 1919 1158 1953 24,
1174 1918 1220 1947 26.

1168 1967 1180 1985 ⁷
1202 1967 1395 2004 Respublica
1414 1968 1551 1996 Hebraea
1569 1967 1709 1996 nondum
1728 1969 1806 1996 tunc

1108 2017 1259 2054 temporis
1272 2025 1399 2053 prorsus
1413 2018 1587 2045 constituta
1601 2019 1679 2052 erat,
1692 2026 1804 2054 quem-

1109 2065 1279 2094 admodum
1304 2065 1364 2093 fuit
1386 2068 1507 2103 postea.
1549 2065 1632 2095 Vide
1659 2065 1804 2094 eumdem

344 2235 442 2271 thief
458 2247 500 2271 or
525 2235 672 2276 robber,
696 2234 746 2280 by
768 2233 826 2269 his
852 2233 964 2274 hand,
995 2232 1202 2274 command,
1234 2243 1275 2267 or
1302 2235 1399 2272 vote,
1426 2231 1456 2265 is
1481 2231 1668 2266 innocent.
1718 2229 1804 2266 And

346 2295 488 2329 Seneca
507 2304 625 2328 seems
645 2296 684 2326 to
705 2292 799 2326 have
816 2290 982 2326 referred
1000 2294 1038 2324 to
1059 2289 1143 2324 this.
1200 2287 1287 2334 [See
1304 2289 1368 2323 the
1384 2284 1586 2334 passages]

414 2355 436 2384 4
469 2351 544 2384 But
564 2351 664 2384 since
682 2349 746 2383 the
763 2349 876 2394 proof
890 2347 932 2382 of
950 2347 1013 2381 the
1040 2347 1117 2381 fact
1145 2346 1250 2381 often
1281 2346 1445 2391 requires
1471 2348 1577 2389 great
1605 2355 1700 2386 care,
1731 2347 1805 2380 aud

343 2407 408 2442 the
428 2408 597 2442 estimate
615 2407 657 2441 of
673 2405 913 2452 punishment
933 2405 1096 2449 requires
1118 2408 1222 2448 great
1242 2403 1430 2449 prudence
1447 2401 1520 2435 and
1541 2405 1646 2447 great
1667 2404 1804 2448 equity‚

344 2464 601 2499 communities
629 2464 671 2498 of
695 2474 782 2497 men
809 2462 903 2497 have
932 2461 1080 2501 chosen,
1106 2460 1166 2495 for
1195 2460 1268 2495 t'nis
1292 2461 1406 2501 office,
1436 2458 1542 2493 those
1573 2459 1693 2494 whom
1715 2460 1805 2506 they

343 2522 504 2567 thought
532 2525 570 2556 to
596 2521 654 2562 be,
682 2531 724 2555 or
752 2519 876 2565 hoped
903 2523 940 2553 to
963 2518 1052 2559 find,
1083 2517 1147 2552 the
1175 2518 1257 2553 best
1285 2517 1360 2551 and
1391 2520 1488 2550 most
1519 2516 1692 2561 prudent.
1753 2517 1804 2552 So

344 2579 589 2614 Democritus.

421 2641 441 2669 5
487 2636 563 2670 But
588 2645 626 2669 as
660 2634 698 2667 in
729 2632 970 2679 punishment
1000 2631 1233 2672 vindicativo,
1264 2641 1303 2665 so
1331 2631 1370 2664 in
1402 2629 1644 2676 punishment
1679 2640 1802 2665 exem-

344 2693 460 2738 plary,
480 2692 586 2726 there
611 2691 753 2725 romain
780 2690 936 2734 vestiges
966 2688 1008 2723 of
1027 2688 1092 2723 the
1117 2687 1273 2733 original
1297 2688 1377 2729 laW,
1400 2687 1437 2720 in
1458 2686 1565 2721 those
1586 2687 1708 2732 places
1729 2687 1802 2721 and

344 2749 511 2783 between
532 2749 637 2783 those
657 2758 810 2793 persons
827 2746 908 2781 who
931 2757 994 2780 are
1022 2749 1089 2779 not
1117 2745 1236 2779 under
1261 2744 1358 2779 fixed
1378 2743 1614 2788 judgments3
1644 2744 1717 2778 and
1737 2743 1802 2778 be-

345 2805 452 2845 sides,
482 2806 519 2838 in
545 2816 646 2840 some
672 2804 851 2850 excepted
880 2814 992 2838 cases.
1057 2803 1106 2836 So
1132 2805 1301 2846 amongst
1323 2801 1387 2835 the
1409 2800 1568 2835 Hebrew
1589 2803 1760 2841 customs,
1780 2811 1803 2834 a

345 2860 504 2895 Hebrew
524 2861 767 2906 apostatizing
787 2861 884 2895 from
904 2860 968 2894 tho
986 2863 1069 2894 true
1101 2858 1185 2893 God
1209 2858 1283 2892 and
1306 2857 1451 2903 joining
1480 2857 1682 2891 idolatrous
1710 2867 1801 2890 wor-

344 2916 437 2962 ship,
462 2917 581 2962 mig-ht
603 2918 650 2952 be
677 2921 716 2951 at
743 2928 835 2952 once
864 2921 932 2963 put
961 2920 999 2952 to
1022 2915 1134 2952 death
1155 2916 1205 2962 by
1225 2926 1298 2961 any
1318 2925 1464 2961 person.
1528 2913 1608 2948 The
1625 2912 1801 2947 Hebrews
