2018 3204
209 143 300 178 CAP.
322 140 466 184 XXII]
657 141 724 174 DE
758 141 934 176 OAUSIS
965 142 1202 177 INJUSTIS.
1576 141 1655 181 381

210 252 320 305 quod
339 251 386 292 in
407 251 538 292 caedes
561 250 776 290 hominum
799 258 838 291 et
862 251 1118 293 laniationes
1134 253 1340 306 pervenit.
1401 253 1476 295 Cui
1500 259 1660 296 senten-

209 317 278 358 tiae
301 329 497 372 perquam
513 313 651 356 similis
673 319 736 356 est
758 314 826 356 illa
843 315 1074 357 Aristotelis
1093 316 1233 358 ultimo
1256 320 1660 362 Nicomacltiorum:
1677 333 1740 364 Cav—
1753 334 1776 361 7.

210 377 328 438 δόξαι
351 379 442 441 ’γαρ
473 376 526 424 ἂν
552 381 779 427 παντελῶς
803 378 1025 441 μιαὶφονός
1060 401 1126 427 τις
1159 384 1277 433 εἶναι,
1308 385 1344 427 εἱ
1372 383 1472 432 τούς
1504 386 1659 446 φίλους

210 447 440 491 πολεμίους
469 447 656 495 ποιοῖτο,
686 445 753 488 ἵνα
784 442 927 506 μάχαι
955 446 1022 490 καὶ
1050 445 1181 507 φόνος
1211 449 1456 507 Ὑὶγνοιντο·
1491 453 1660 494 omnino

209 514 320 555 enim
343 513 527 554 crudelis
550 512 767 553 habendus
796 513 866 561 sic,
890 513 966 568 qui
988 527 1039 554 ece
1062 515 1216 557 amieis
1236 516 1371 558 hostes
1381 518 1534 570 faeiat
1549 533 1661 572 puy*

208 579 347 620 nandi
369 585 407 619 et
422 578 644 632 fzmdendi
670 578 897 631 sanquinis
924 580 1175 633 cupiditate.
1245 581 1353 622 Dion
1378 581 1656 624 Prusaeensis:

208 641 263 686 τὸ
284 637 329 686 δὲ
354 641 423 686 καὶ
448 645 577 702 χωρὶς
601 639 848 687 ὑποθέσεως
877 645 1083 695 πολεμεῖν
1114 644 1182 688 καὶ
1212 643 1448 706 μάχεσθαι,
1474 649 1521 691 τί
1544 644 1659 692 ἄλλο
1680 664 1868 719 ονὲιζὲκκχνῑῑ.

208 704 233 761 ἢ
255 712 381 761 μανία
405 705 628 760 παντελής
651 704 762 757 ἐστι,
787 707 854 752 καὶ
876 703 942 752 διὰ
963 707 1128 763 ταύτην
1149 713 1281 754 κακῶν
1303 709 1530 763 ἐπιθυμίας
1556 729 1660 756 ‘nam
1676 702 1702 726 p*
1733 706 1741 723 ⁴
1770 701 1798 719 B·

206 776 297 817 sine
319 789 454 817 eausa
473 775 521 815 in
545 775 656 816 bella
677 789 913 829 acpuynas
923 777 1056 829 ferri,
1081 792 1200 819 mera
1223 786 1282 820 est
1299 780 1478 820 insania
1497 781 1660 821 ‘malum

207 841 292 883 sibi
315 855 515 897 quaerens.
575 840 689 882 Idem
714 839 781 881 ille
807 840 962 883 Seneca
986 841 1156 897 epistola
1176 857 1266 885 x1v:
1293 858 1410 885 nemo
1429 846 1489 886 ad
1510 846 1660 886 huma-

206 921 308 948 num
329 908 579 961 sanquinem
597 913 774 960 propter
797 907 938 960 ipsum
960 908 1085 957 venit,
1111 917 1189 950 aut
1212 910 1442 950 admodum
1458 912 1607 965 pauci.

303 972 387 1014 III.
443 973 467 1012 1
513 971 704 1026 Plerique
729 986 826 1013 vero
849 972 1085 1014 bellantium
1107 988 1246 1015 causas
1267 974 1468 1016 suasorias
1491 976 1657 1026 habent,

206 1042 278 1079 aut
305 1037 392 1079 sine
409 1036 596 1092 justificis
626 1042 698 1078 aut
722 1051 812 1078 cum
835 1036 1033 1092 justiflcis.
1094 1038 1198 1080 Sunt
1221 1039 1290 1094 qui
1315 1039 1513 1095 justificas
1539 1041 1659 1097 plane

204 1117 286 1144 non
310 1108 466 1151 curant,
495 1102 546 1144 de
567 1102 712 1157 quibus
742 1101 821 1144 dici
845 1108 979 1158 potest
1009 1102 1108 1145 illud
1130 1104 1239 1159 quod
1266 1120 1292 1146 a
1322 1106 1518 1148 Romanis
1535 1106 1659 1162 juris-

204 1168 395 1210 consultis
429 1174 491 1210 est
518 1167 736 1223 proditum,
770 1168 1004 1223 praedonem
1034 1183 1121 1210 esse
1153 1184 1257 1220 eum,
1290 1166 1377 1227 fqui
1403 1178 1573 1230 rogatus
1607 1173 1659 1215 de

203 1233 436 1290 possidendi
476 1247 608 1282 causa,
652 1232 803 1274 nullam
842 1233 962 1275 aliam
1002 1234 1138 1277 adfert
1177 1236 1253 1277 nisi
1293 1237 1403 1293 quod
1439 1238 1654 1294 possideat.

202 1299 446 1342 Aristoteles
469 1299 521 1341 de
545 1298 640 1341 belli
671 1298 929 1350 suasoribus3
963 1297 1015 1345 ὠς
1048 1298 1121 1344 οὐκ
1153 1296 1294 1346 ἄδικον
1317 1301 1416 1347 τούς
1446 1301 1656 1362 ἁστυνγεί-
1676 1323 1810 1348 mma.

201 1421 280 1441 anus
299 1412 379 1441 libro
401 1410 519 1447 xxmf,
534 1412 576 1442 Ut
591 1411 763 1441 hominibus
783 1413 896 1450 quietis

201 1465 229 1490 et
238 1461 378 1499 placidis
391 1462 485 1490 otium
497 1464 541 1490 est
554 1461 749 1499 voluptabile,
764 1462 810 1490 ita
824 1462 895 1490 illos

195 1508 460 1546 periculajuvant
473 1511 501 1537 et
514 1508 605 1537 bella.
629 1508 727 1545 (Cap.
742 1510 770 1536 2.
786 1517 816 1546 p.
826 1508 894 1538 672.

200 1557 292 1587 Edit.
311 1557 409 1587 Gron.
429 1557 550 1595 Vales.)

258 1606 271 1624 ³
291 1606 379 1636 Dicit
401 1607 546 1644 equidem
569 1606 717 1635 Tirenus
737 1606 823 1636 Hist.
839 1615 890 1635 111.

199 1659 248 1686 41.
274 1660 306 1686 et
332 1667 360 1686 v.
389 1657 435 1688 19.
455 1657 667 1695 periculorum
691 1657 800 1686 avidi:
831 1657 893 1686 Sed

199 1706 277 1735 illud
294 1711 426 1745 propter
448 1707 519 1745 ipsa
545 1707 642 1736 deest.
684 1707 791 1736 Alibi:
819 1707 894 1736 Non

199 1759 263 1785 ium
283 1757 426 1794 proemz'is
450 1756 669 1794 periculorum,
695 1766 788 1794 quam
816 1758 893 1795 ipsis

193 1806 346 1844 periculis
367 1807 463 1836 Ioetus.
494 1806 579 1835 Hist.
602 1815 638 1835 11.
666 1806 715 1836 86.
760 1807 893 1845 Propius

199 1855 351 1885 SENECA:
372 1855 596 1885 Periclitamur
609 1855 748 1893 periculi
768 1865 892 1886 caussa.

201 1904 312 1942 Quaest.
328 1904 406 1934 Nat.
423 1913 454 1934 v.
469 1906 519 1934 18.
559 1905 594 1934 J.
609 1905 651 1934 B.

254 1959 268 1975 ‘
289 1954 353 1984 Sed
364 1953 541 1993 feritatem]
572 1955 658 1984 Idem
687 1954 768 1984 libro
793 1964 829 1985 11.
855 1955 892 1985 de

962 1412 1022 1441 Ῑνα
1036 1422 1062 1442 c.
1079 1414 1110 1443 5.
1126 1414 1164 1442 de
1179 1414 1376 1452 Apollodoro
1387 1415 1510 1445 locutus
1526 1419 1558 1446 et
1572 1417 1657 1446 Pha-

961 1462 1074 1492 laride:
1096 1463 1160 1493 Imm
1175 1474 1234 1493 non
1248 1468 1291 1493 est
1306 1466 1492 1504 iru,fi:ritas
1506 1469 1559 1495 est.

1020 1511 1031 1532 f
1053 1512 1115 1550 Qui
1136 1518 1264 1552 roqatus
1286 1515 1323 1544 de
1344 1516 1527 1553 possidendi
1550 1526 1656 1554 causa,

961 1561 1079 1590 nullam
1092 1563 1190 1591 aliam
1204 1564 1309 1602 adfert
1322 1565 1384 1594 nisi
1393 1566 1478 1604 quod
1480 1567 1656 1605 possideat]

961 1610 997 1639 L.
1015 1620 1072 1648 pro
1088 1611 1220 1641 hoerede.
1239 1621 1276 1641 11.
1298 1613 1315 1651 ἓ
1334 1614 1445 1643 ultimo
1465 1618 1497 1643 et
1521 1625 1655 1654 sequen-

961 1661 1044 1690 tibus
1069 1661 1201 1700 legibus,
1231 1663 1274 1693 D.
1301 1664 1338 1693 de
1360 1664 1553 1694 hoereditatis
1572 1667 1656 1703 peti-

960 1711 1049 1740 tione.
1092 1711 1177 1740 Talis
1200 1713 1388 1742 Herulorum
1414 1714 1446 1742 in
1471 1714 1654 1754 Langobar-

960 1760 1016 1789 dos
1024 1761 1170 1799 πόλεμος
1182 1761 1450 1800 ἀπροφάσιστος,
1460 1764 1576 1793 bellum
1589 1765 1655 1795 Sine

960 1812 1127 1847 praetextu.
1163 1811 1275 1849 [Apud
1297 1812 1518 1851 Pssocorlmr,
1549 1814 1654 1845 Gotth.

960 1866 997 1887 11.
1015 1858 1080 1896 14.]
1120 1859 1205 1888 Galli
1222 1861 1306 1898 apud
1321 1861 1443 1890 Livium
1459 1870 1490 1891 v,
1505 1863 1538 1891 in
1557 1864 1655 1892 armis

958 1916 989 1935 se
1005 1911 1061 1945 jus
1069 1907 1171 1945 ferre,
1192 1912 1220 1937 et
1244 1910 1347 1939 omnia
1358 1910 1497 1948 fortium
1517 1911 1656 1941 virorum

957 1966 1029 1986 esse.
1072 1956 1169 1996 (Cap.
1183 1958 1250 1996 36.)

272 2113 322 2149 H.
377 2115 488 2150 Some
506 2115 610 2151 there
631 2127 694 2151 arc
715 2116 795 2151 who
827 2117 915 2151 rush
943 2117 1022 2152 into
1043 2129 1117 2152 war
1137 2121 1203 2153 not
1223 2120 1396 2154 actuated
1416 2120 1465 2166 by
1481 2121 1600 2157 either
1613 2123 1657 2157 of

195 2169 301 2205 these
320 2170 429 2206 kinds
451 2171 493 2206 of
520 2183 639 2213 cause,
662 2173 784 2218 being,
805 2183 844 2207 as
865 2173 1013 2207 Tacitus
1034 2185 1126 2219 says,
1145 2175 1284 2221 greedy
1304 2176 1347 2210 of
1364 2177 1504 2222 danger
1523 2178 1582 2213 for
1602 2180 1649 2214 its

195 2237 277 2260 own
305 2228 430 2262 sake*.

495 2228 614 2263 These
642 2240 727 2263 men
748 2240 812 2263 are
833 2229 875 2263 of
892 2240 913 2263 a
933 2233 1078 2275 temper
1097 2230 1215 2265 which
1244 2232 1332 2267 does
1359 2237 1426 2267 not
1446 2234 1494 2268 lie
1522 2235 1649 2270 within

195 2282 259 2317 the
283 2294 418 2328 proper
437 2284 549 2318 limits
575 2285 618 2319 of
637 2285 841 2331 humanity,
867 2286 910 2320 of
935 2297 957 2320 a
981 2287 1099 2321 ferine
1127 2292 1271 2322 nature.

1335 2289 1385 2323 So
1412 2290 1564 2332 Seneca,
1591 2292 1649 2327 On

197 2339 386 2384 Clemency,
407 2350 499 2385 says,
520 2341 548 2374 it
573 2341 603 2375 is
624 2345 689 2375 not
712 2352 812 2376 mere
834 2343 976 2388 cruelty
1003 2343 1070 2377 but
1094 2355 1116 2377 a
1140 2344 1258 2379 ferine
1283 2345 1509 2391 disposition,
1529 2348 1648 2383 which

195 2395 353 2440 delights
380 2396 418 2429 in
447 2396 586 2431 human
610 2397 722 2432 blood
740 2398 812 2432 and
833 2399 1026 2446 butchery.
1090 2401 1139 2435 So
1161 2401 1336 2437 Aristotle
1356 2414 1437 2448 says
1461 2403 1542 2438 that
1565 2404 1648 2440 that

193 2452 223 2486 is
244 2463 267 2485 a
286 2452 508 2498 sanguinary
528 2453 729 2495 character,
749 2455 865 2489 which
888 2456 1013 2491 makes
1033 2468 1055 2490 a
1076 2468 1161 2491 man
1184 2458 1297 2492 break
1322 2459 1409 2493 with
1430 2459 1486 2494 his
1505 2461 1646 2497 friends

192 2508 252 2542 for
279 2507 343 2543 the
372 2509 459 2543 sake
488 2509 531 2544 of
557 2510 713 2556 fighting
743 2511 815 2546 and
848 2511 1029 2558 shedding
1057 2513 1188 2555 blood;
1220 2515 1293 2549 and
1324 2516 1397 2551 Dio
1422 2517 1647 2553 Prusaecnsis

193 2575 274 2610 says
299 2565 328 2599 it
357 2565 387 2599 is
412 2576 512 2600 mere
538 2567 719 2602 madness.
783 2569 832 2603 So
856 2569 1008 2610 Seneca,
1028 2570 1145 2615 Epist.
1167 2581 1243 2606 xw.

268 2621 337 2655 III.
378 2625 393 2655 1
421 2621 610 2664 However,
628 2629 724 2658 most
739 2625 887 2670 parties,
904 2625 1009 2660 when
1026 2626 1115 2672 they
1130 2638 1176 2673 go
1194 2632 1232 2662 to
1246 2639 1329 2670 war,
1345 2629 1438 2664 have
1456 2630 1647 2678 impelling

192 2688 329 2718 causeS‚
350 2677 469 2712 either
485 2678 571 2713 with
593 2690 635 2713 or
651 2680 805 2715 without
816 2682 1012 2727 justifying
1029 2694 1164 2718 causes.
1216 2684 1337 2720 There
1359 2697 1421 2720 are
1442 2697 1544 2722 some
1565 2688 1646 2724 who

190 2734 337 2780 frankly
369 2734 415 2769 do
451 2738 517 2769 not
556 2736 702 2771 trouble
739 2736 957 2773 themselves
993 2739 1107 2773 about
1141 2740 1387 2788 justificatory
1423 2754 1570 2786 causes;
1606 2749 1645 2780 to

250 2805 269 2823 *
291 2805 338 2834 As
359 2805 535 2843 Barbeyrac
557 2806 668 2842 shews,
694 2807 824 2836 Grotius
850 2808 905 2837 has
933 2812 990 2847 put
1018 2811 1166 2848 together
1194 2814 1258 2840 two
1285 2812 1414 2850 phrases
1437 2814 1473 2843 of
1497 2815 1644 2846 Tacitus:

193 2854 410 2883 Periculorum
431 2855 528 2890 avidi,
553 2856 702 2885 Ilist.111.
718 2859 767 2892 41,
787 2858 848 2886 and
871 2868 901 2888 v.
919 2860 972 2896 193
1003 2860 1064 2888 and
1088 2859 1161 2889 Non
1183 2865 1246 2890 ἰαιη
1262 2863 1405 2900 proemiz's·
1421 2865 1644 2903 periculorum,

194 2912 286 2940 quam
301 2902 378 2940 ipsis
389 2903 539 2940 periculis
554 2904 651 2941 loelus,
666 2904 752 2934 Hist.
769 2914 803 2935 11.
817 2907 867 2936 86.
