2018 3204
159 284 321 310 L..2D.de

162 317 233 339 Just
248 316 348 346 εῌιινε.
381 339 390 347 ,

367 92 452 132 324
957 100 1024 133 DE
1056 99 1233 132 I'OENIS.
1662 96 1754 140 [Lm.
1775 98 1826 133 ΙΙ.

374 207 510 264 qapud
535 221 673 249 omnes
696 206 824 248 ferme
843 219 943 261 quos
966 205 1152 247 novimus
1176 204 1359 261 populos,
1380 219 1455 261 per
1478 209 1540 247 tot
1558 204 1644 261 jam
1667 204 1827 254 saecula,

378 279 628 315 conservatae
663 278 768 314 sunt.
834 271 942 312 Hinc
978 270 1225 327 Pomponius
1263 285 1364 328 erga
1407 272 1542 313 Deum
1587 270 1829 327 religionem

160 357 198 380 M
200 357 305 380 mora,
320 356 354 380 ιν.
374 339 459 395 Juri
479 337 666 380 asser-ibit
693 337 902 393 gentium:
935 342 976 378 et
1007 337 1117 392 apud
1152 337 1479 392 Xenophontem,
1507 337 1696 378 Socrates
1730 333 1830 383 τούς

160 388 182 411 4.
194 393 269 410 num.
284 388 319 411 19.

163 548 227 577 Cap.
243 548 278 571 16

160 578 223 608 Cap.
237 580 274 601 22.

164 623 189 647 p
203 617 256 640 201.

160 1271 224 1301 Cap.
236 1270 271 1294 iv.
287 1270 300 1300 ξ
313 1270 351 1298 47.

381 402 497 449 θεοὺς
530 401 694 458 σέβειν,
725 404 841 445 Deos
881 404 1012 445 colere
1050 404 1177 457 leqem
1213 418 1296 445 esse
1331 402 1401 452 ait,
1432 417 1523 457 quae
1553 402 1664 459 apud
1692 416 1830 444 omnes

379 470 563 511 homines
589 469 749 510 valeat:
775 468 884 523 quod
900 474 941 510 et
958 468 1100 510 Cicero
1119 474 1206 510 tum
1231 470 1281 511 de
1304 470 1487 510 Natura
1511 471 1702 511 Deorum
1724 467 1828 509 libro

378 534 522 591 primo,
548 541 634 576 tum
658 535 833 576 secundo
858 534 910 575 de
940 533 1174 576 inventione
1197 534 1382 576 affirmat.
1448 533 1557 576 Dion
1581 533 1831 576 Prusaeensis

381 601 565 642 oratione
607 615 682 642 XII.
723 606 841 642 vocat
875 596 1001 657 δόξαν
1037 620 1103 643 και
1143 597 1331 644 ἐπίνοιαν
1370 603 1484 662 κοινῇ
1525 603 1604 644 τοῦ
1641 597 1829 656 ξυμπαν-

382 686 459 712 τος
500 665 772 725 ανθρωπίνου
816 663 981 721 γένους,
1022 685 1171 719 ομοιως
1209 686 1288 716 μεν
1320 663 1560 720 Ελληνων,
1599 664 1743 719 ὁμοιως
1783 660 1829 708 δὲ

381 731 642 794 βαρβάρωι,
681 730 927 790 αναγκαῖαν
963 752 1031 775 και
1067 728 1266 792 ἐμφυτον
1302 729 1347 775 ἐν
1385 734 1519 776 παντί
1557 752 1620 775 ’τω
1660 733 1830 789 λογικῶ

381 796 607 857 ’γινομένην
638 819 751 843 κατα
784 795 939 859 φύσιν·
969 800 1291 854 persuasionem
1327 813 1419 851 quoe
1450 800 1559 840 insit
1585 799 1830 840 hominibus

381 869 656 908 communiter
696 866 901 912 omnibus,
940 879 1023 905 non
1061 866 1202 906 minus
1237 865 1439 905 barbaris
1481 878 1612 920 quam
1649 864 1829 912 Graecis,

380 934 666 974 necessariam
707 947 758 973 ac
795 931 1040 972 naturalem
1080 932 1244 972 eunctis
1279 931 1446 972 ratione
1483 931 1711 972 utentibus.
1775 930 1832 971 Et

379 998 502 1054 paulo
527 1004 643 1054 post:
680 1017 790 1040 πανυ
824 994 1014 1056 ἰσχυραν
1041 1015 1107 1039 και
1147 994 1322 1039 ἀένναου
1348 994 1395 1038 ἐκ
1427 1015 1506 1038 του
1536 1014 1698 1042 παντος
1722 1014 1832 1054 ’χρο-

382 1083 451 1107 νΟἱΙ
487 1083 553 1107 Καί
583 1083 704 1123 παρα
737 1060 844 1106 πάσι
883 1082 973 1107 ‘fols‘
1012 1058 1179 1105 ΕΘΙἘΟἹΙΙ
1218 1059 1458 1122 αρξαμένην
1498 1081 1552 1104 ΤΕ
1586 1081 1652 1104 Καί
1690 1056 1832 1111 Scalae-

381 1144 551 1173 νουσαν·
579 1131 904 1184 persuasionem
927 1129 1053 1170 valde
1071 1129 1288 1169 robustam
1313 1143 1365 1170 ac
1387 1130 1688 1183 sempiternam
1712 1128 1833 1182 apud

379 1210 518 1237 omnes
560 1204 702 1250 ¹(sentes
742 1203 780 1236 et
829 1202 1009 1249 coeptam
1056 1202 1095 1235 et
1133 1201 1463 1248 permanentem.
1533 1193 1767 1249 Xenophon
1789 1193 1832 1232 in

385 1262 588 1303 Convivio
613 1266 654 1301 et
680 1260 846 1301 Graecos
874 1266 916 1301 et
947 1259 1146 1300 barbaros
1174 1259 1234 1301 ita
1262 1259 1320 1301 ait
1352 1259 1596 1309 existimare,
1621 1264 1720 1300 nota
1743 1272 1831 1300 esse

376 1326 468 1368 Diis
492 1332 533 1368 et
558 1325 777 1382 praesentia
801 1331 842 1367 et
865 1325 1015 1367 futura.

477 1393 505 1433 4
553 1392 646 1433 Has
669 1391 796 1448 igitur
824 1390 989 1432 notitias
1020 1391 1090 1446 qui
1114 1389 1236 1446 primi
1259 1390 1459 1446 incipiunt
1482 1391 1641 1440 tollere,
1664 1390 1767 1432 sicut
1790 1389 1833 1432 in

377 1458 482 1500 bene
506 1457 735 1500 constitutis
765 1456 996 1498 civitatibus
1028 1456 1207 1498 coerceri
1237 1456 1381 1506 solent,
1419 1463 1465 1499 ut
1488 1457 1683 1514 Diagorae
1707 1456 1834 1497 Melio

377 1524 570 1566 accidisse
599 1523 787 1581 legimus,
821 1529 862 1565 et
897 1522 1120 1578 Epicureis,
1146 1522 1216 1578 qui
1251 1537 1301 1564 ex
1336 1523 1439 1564 bene
1467 1523 1636 1565 moratis
1664 1522 1835 1564 urbibus

377 1590 496 1645 ejecti
533 1596 640 1640 sunt,
681 1590 761 1631 rita
798 1595 839 1631 et
877 1588 1057 1631 coerceri
1091 1603 1210 1644 posse
1241 1588 1422 1630 arbitror
1456 1588 1620 1631 nomine
1644 1589 1834 1630 humanae

433 1713 448 1733 (ι
468 1706 564 1744 Apud
586 1716 686 1735 omnes
703 1706 805 1744 ferme
833 1714 909 1743 quos
936 1704 1074 1733 norimus
1139 1704 1255 1734 credat.
1297 1705 1387 1733 Idem
1409 1704 1445 1733 de
1470 1705 1637 1743 Beneficiis
1658 1713 1703 1734 IV.
1725 1706 1754 1733 4.
1781 1712 1835 1734 nec

370 1755 522 1794 populos]
564 1757 684 1784 Seneca
711 1755 802 1793 epist.
836 1763 944 1783 cxvn.
990 1754 1074 1782 Tan·
1139 1755 1171 1782 in
1185 1754 1264 1783 hunc
1275 1754 1421 1792 furorem
1436 1764 1537 1783 omnes
1550 1755 1698 1784 mortales
1711 1763 1836 1784 consen-

376 1815 469 1844 quam
481 1806 567 1833 Deos
580 1814 643 1833 csse
657 1805 736 1833 inter
750 1804 818 1832 alia
831 1804 877 1832 sz'c
892 1803 1074 1841 colliqimus,
1138 1803 1248 1831 sissent
1258 1802 1438 1840 alloquendi
1447 1803 1544 1831 surda
1556 1804 1682 1832 numina
1695 1807 1723 1832 et
1737 1804 1836 1843 ineffi-

377 1854 461 1892 quod
474 1854 612 1882 omnibus
626 1853 663 1881 de
676 1854 754 1882 Diis
775 1853 880 1890 opinio
900 1852 995 1880 insita
1010 1855 1071 1880 est.-
1140 1861 1227 1880 cuces
1240 1852 1336 1887 Deos,
1361 1850 1416 1889 asmo
1458 1853 1551 1881 Adde
1570 1853 1735 1882 Platonem
1754 1853 1837 1882 Pro-

376 1913 430 1932 περ
445 1904 511 1932 ulla
524 1913 597 1942 qens
611 1912 740 1941 usquam
751 1905 795 1930 est
804 1902 880 1930 adeo
892 1904 981 1929 ertra
996 1901 1076 1938 leqes
1140 1904 1263 1938 taqora,
1284 1900 1375 1938 (pag.
1391 1902 1460 1930 322.
1490 1902 1582 1931 Tom.
1598 1902 1638 1940 1.)
1662 1906 1694 1931 et
1715 1903 1837 1932 decimo

377 1962 534 1991 moresque
548 1952 701 1991 projecta,
723 1955 755 1980 ut
776 1961 835 1980 non
855 1951 979 1988 aliquos
1004 1950 1076 1978 deos
1141 1949 1178 1978 de
1199 1949 1344 1987 Leyibns,
1366 1950 1453 1987 (pag.
1475 1952 1531 1980 887
1555 1960 1588 1981 1).
1612 1960 1643 1982 Ε.
1673 1953 1764 1981 Tom.
1781 1951 1836 1992 11.)

377 2113 494 2159 thing.
543 2113 674 2148 Hence
705 2114 934 2159 Pomponius
955 2113 1139 2148 describes
1168 2113 1323 2158 religion
1344 2112 1501 2147 towards
1530 2113 1614 2147 God
1643 2124 1681 2147 as
1710 2124 1733 2147 a
1752 2117 1838 2159 part

379 2170 422 2204 of
434 2170 497 2205 the
517 2170 587 2204 law
607 2171 650 2204 of
666 2171 835 2212 nations3
856 2171 930 2204 and
947 2171 1117 2205 Socrates
1138 2170 1176 2203 in
1197 2169 1409 2216 Xenophon
1426 2181 1507 2215 says
1524 2169 1605 2204 that
1623 2174 1660 2204 to
1681 2171 1838 2216 worship

377 2227 442 2262 the
475 2227 576 2272 gods,
605 2228 635 2261 is
667 2239 689 2261 a
720 2228 801 2261 rule
831 2238 966 2272 among
997 2227 1046 2261 all
1078 2237 1173 2261 men.
1236 2227 1285 2261 So
1313 2227 1442 2261 Cicero
1453 2239 1463 2268 3
1493 2226 1566 2260 Dio
1592 2227 1840 2269 Prusaeensi53

378 2284 591 2329 Xenophon
611 2284 649 2317 in
666 2283 730 2318 the
752 2284 987 2329 Symposium.

450 2344 472 2374 4
509 2340 711 2374 Therefore
738 2341 844 2375 those
864 2340 945 2375 who
963 2341 1042 2375 first
1058 2340 1170 2386 begin
1189 2343 1228 2375 to
1250 2340 1336 2375 take
1356 2351 1456 2386 away
1477 2339 1582 2374 these
1602 2340 1840 2382 convictions,

379 2409 418 2432 as
443 2397 533 2442 they
560 2408 656 2442 may,
681 2397 720 2430 in
748 2398 830 2431 well
858 2398 1084 2431 constituted
1109 2401 1233 2438 states,
1262 2397 1309 2431 be
1337 2397 1492 2431 coerced
1517 2397 1566 2442 by
1589 2397 1840 2442 punishment,

379 2465 418 2488 as
445 2464 517 2487 was
545 2453 641 2488 done
670 2458 708 2488 to
739 2454 919 2499 Diagoras
950 2454 1094 2493 Melius,
1125 2454 1197 2487 and
1229 2458 1267 2488 to
1294 2453 1358 2488 the
1387 2454 1625 2498 Epicureans,
1645 2453 1726 2488 who
1744 2464 1840 2488 were

380 2510 522 2555 ejected
552 2510 649 2544 from
681 2510 969 2555 well-governed
998 2515 1132 2551 states;
1172 2521 1211 2545 so
1245 2521 1330 2555 may
1358 2510 1447 2555 they
1476 2510 1524 2544 be
1553 2510 1720 2550 coerced,
1751 2521 1791 2544 as
1820 2510 1840 2544 I

380 2567 564 2607 conceive,
592 2567 630 2600 in
656 2566 721 2601 the
748 2579 857 2601 name
875 2567 917 2601 of
933 2567 1073 2601 human
1102 2567 1251 2612 society,
1279 2566 1399 2600 which
1422 2566 1510 2612 they
1530 2567 1664 2600 violate
1685 2566 1840 2601 without

379 2623 559 2668 probable
591 2634 735 2658 reason.
799 2624 847 2658 So
873 2624 1060 2658 Himerius
1087 2624 1262 2669 pleading
1291 2624 1435 2668 against
1457 2623 1659 2668 Epicurus:
1686 2623 1747 2657 Do
1767 2634 1840 2668 you

381 2681 459 2713 then
476 2681 629 2713 demand
648 2682 723 2714 that
749 2692 838 2714 mere
859 2682 1029 2720 doctrines
1050 2682 1085 2715 be
1110 2681 1315 2726 punishecl?
1352 2681 1412 2725 By
1441 2691 1486 2713 no
1511 2691 1642 2718 means,
1675 2681 1735 2713 but
1765 2681 1840 2713 that

381 2735 523 2780 impiety
539 2738 673 2771 should.
739 2738 825 2771 Illen
844 2749 928 2782 may
945 2738 1072 2771 deliver
1092 2738 1281 2775 doctrines,·
1310 2738 1385 2781 they
1406 2748 1490 2781 may
1509 2742 1569 2770 ‘not
1590 2747 1713 2782 oppose
1727 2736 1835 2780 piety.

451 2791 609 2826 XLVII.
673 2797 690 2826 1
731 2793 849 2828 Other
869 2795 990 2839 points
1013 2793 1055 2828 of
1079 2794 1233 2839 religion
1255 2804 1317 2827 arc
1338 2797 1402 2827 not
1419 2804 1458 2827 so
1485 2793 1657 2833 evident3
1687 2802 1737 2832 as,
1756 2791 1839 2826 that

383 2845 487 2880 there
517 2858 578 2881 are
615 2853 681 2882 not
712 2861 815 2884 moro
848 2851 938 2895 gods
973 2849 1064 2885 than
1097 2861 1189 2885 one:
1222 2850 1304 2884 that
1340 2850 1424 2884 God
1455 2850 1484 2883 is
1517 2852 1582 2883 not
1608 2859 1681 2893 any
1709 2847 1839 2882 visiblc
