2018 3204
357 106 441 148 426
594 113 796 149 ΜΟΝΙΤΑ
825 114 893 148 DE
923 113 1035 149 NON
1066 113 1273 148 TEMERE
1305 113 1466 148 ETIAM
1494 114 1566 148 EX
1653 114 1749 160 [Lm.
1766 114 1818 150 11.
1992 0 2018 197 1

141 239 227 270 [[ιιι),
242 240 257 263 i.
270 240 303 265 de
355 221 549 278 loquitur,
587 221 712 264 armis
748 221 932 264 saeviora.
1004 221 1161 264 Seneca
1197 224 1380 272 incurri,
1418 222 1489 276 ait,
1526 224 1574 265 in
1603 223 1820 279 pericula,

141 271 265 332 333²*
357 290 432 331 ubi
477 289 708 345 quiescenti
744 288 887 342 paria
931 295 1190 338 metuuntur,
1231 293 1304 331 aut
1340 288 1464 330 etiam
1497 287 1661 345 pejora:
1700 302 1823 344 quem

142 369 309 423 'qv-affue-
358 369 519 397 sensum
560 352 763 395 Aristides
806 352 863 395 sic
906 353 1080 396 extulit.
1116 350 1227 399 τότε
1267 373 1355 415 χρη
1396 374 1471 412 κᾳν
1503 349 1728 407 ἄδηλον
1701 356 1727 434 ᾗ
1765 351 1822 398 τὸ

141 405 309 461 uitii-’67⁰3
357 418 522 473 μέλλον
564 418 796 488 αἱρεῖσθαι
829 413 1088 469 κινδυνεύειν,
1124 418 1231 464 ὅταν
1263 441 1318 464 το
1358 440 1442 472 την
1477 418 1664 482 ἡσυχίαν
1695 438 1824 479 αὙειν

361 487 557 546 φανερῶς
588 485 740 545 χεῖρον
772 487 812 547 ᾐ·
848 486 1051 527 miseram
1075 501 1231 542 pacem
1272 488 1377 529 bello
1415 488 1512 529 bene
1545 488 1725 536 mutari,
1764 486 1824 529 ait

142 557 214 582 Ηὶδῑ-
228 557 315 581 iv·32·
361 551 538 600 Tacitus,
563 565 710 606 nempe
734 565 837 599 cum,
862 556 908 593 ut
930 551 1039 593 idem
1062 552 1132 602 ait,
1158 561 1241 595 aut
1261 568 1390 596 ausos
1413 554 1592 595 libertas
1613 560 1822 608 sequetur,

141 628 200 654 Lib.
214 635 241 653 x·
255 629 292 653 16-
360 626 439 659 aut
475 619 582 660 victi
618 619 751 659 iidem
787 625 911 659 erunt
930 633 944 659 .-
978 622 1051 660 aut
1085 620 1163 660 ubi
1202 620 1269 674 (ut
1310 618 1451 661 Livius
1490 618 1691 675 loquitur)
1727 633 1824 674 paoe

359 685 638 726 servientibus
665 684 847 739 yravior
879 698 1010 739 quam
1044 685 1192 727 liberis
1224 686 1388 727 bellum.
1451 685 1548 726 Non
1571 684 1618 734 si,
1643 690 1690 727 ut
1712 683 1825 741 apud

142 760 341 788 Adane-vim.
362 750 600 792 Ciceronem
632 754 707 799 est,
739 755 913 805 apparet
939 749 1136 803 futurum,
1168 756 1226 801 ut,
1258 750 1293 793 si
1317 750 1449 794 victus
1472 750 1566 801 eris,
1591 750 1824 807 proscriba-

359 815 439 858 ris:
475 815 509 857 si
533 815 691 865 viceris,
717 820 855 857 tamen
878 815 1042 858 servias.

459 882 536 924 IX.
605 881 795 923 Alterum
825 881 921 923 belli
952 888 1126 939 tempus,
1158 881 1206 932 si,
1240 882 1299 925 ita
1327 887 1374 925 ut
1404 887 1581 940 oportet,
1602 897 1691 925 rem
1716 881 1825 925 aesti-

359 948 502 999 manti,
543 963 568 990 3,
601 947 709 1004 jure,
749 953 791 990 et
834 947 999 1004 quidem
1035 949 1145 1004 quod
1181 948 1377 991 momenti
1410 949 1463 992 sit
1496 948 1674 1000 maximi,
1705 947 1826 991 simul

143 1024 302 1049 suem-25-
360 1020 470 1056 stent
495 1014 616 1056 vires.
680 1015 772 1056 Hoc
803 1020 878 1064 est,
909 1014 1020 1069 quod
1048 1016 1261 1072 Augustus
1284 1015 1434 1068 aiebat,
1457 1015 1610 1058 bellum
1634 1029 1717 1057 non
1739 1029 1827 1057 sus-

360 1080 603 1137 cipiendum,
623 1080 700 1122 nisi
720 1095 811 1122 cum
835 1079 964 1136 major
989 1080 1249 1123 emolumenti
1272 1096 1365 1138 spes
1386 1096 1509 1137 quam
1533 1081 1672 1123 damni
1693 1086 1827 1123 metus

360 1147 658 1189 ostenderetur.
729 1147 785 1188 Et
808 1146 917 1202 quod
942 1146 993 1188 de
1017 1146 1160 1203 praelio
1182 1147 1317 1189 dicere
1341 1147 1528 1189 solebant
1553 1147 1688 1204 Scipio
1712 1146 1824 1188 Afri-

143 1222 321 1278 ssffii'fflff‘
361 1226 486 1254 canus
520 1218 563 1254 et
593 1213 639 1254 L.
665 1212 858 1254 AEmilius
881 1213 1046 1263 Paulus,
1074 1213 1183 1254 idem
1218 1213 1297 1255 huc
1331 1228 1412 1255 non
1447 1212 1554 1256 male
1588 1212 1824 1270 aptaveris:

145 1283 189 1308 vii.
202 1284 226 1307 2.

361 1293 444 1320 non
467 1280 770 1321 decertandum
804 1293 901 1328 esse,
926 1274 1033 1321 tnisi
1057 1294 1226 1321 summa
1255 1281 1517 1322 necessitudo
1549 1288 1630 1322 aut
1657 1294 1827 1322 summa

360 1346 527 1387 occasio
559 1346 671 1386 data
702 1352 816 1387 esset.
886 1345 1041 1386 Locum
1064 1350 1203 1388 autem
1225 1350 1314 1388 tum
1338 1345 1520 1388 maxime
1542 1346 1621 1388 hoc
1643 1345 1826 1395 habebit,

419 1458 429 1477 t
448 1455 526 1485 Nisi
551 1464 670 1484 summa
696 1453 902 1493 necessitudo]
933 1454 1061 1484 Plutar-

359 1506 438 1535 chus
464 1505 641 1536 Gracchis:
665 1505 707 1534 τὸ
730 1504 804 1534 ἄνευ
825 1505 886 1539 ’τῆς
912 1504 1064 1543 ἐσχάτης

359 1555 505 1594 ὀνάγκης
517 1555 691 1593 ἐπιφέρειν
706 1555 851 1593 σίδηρον,
864 1555 940 1583 οὔτε
953 1555 1061 1592 ἰατρι-

360 1605 429 1642 κὸν,
444 1605 521 1634 οὔτε
535 1604 729 1634 πολιτικόν·
746 1607 837 1633 extra
847 1613 996 1633 summam
1009 1613 1062 1633 ne-

359 1655 532 1684 cessitatem.
542 1655 670 1693 ferrum
685 1654 812 1692 infirre,
834 1663 888 1683 nec
910 1654 982 1683 boni
999 1663 1062 1683 me-

360 1705 424 1734 dici
446 1708 501 1743 est,
525 1714 579 1734 nec
601 1705 672 1733 boni
690 1705 846 1743 proesidis.
891 1704 985 1743 (Pag.
1002 1705 1062 1735 845

361 1755 409 1793 A.)
451 1754 605 1784 Marciani
630 1755 750 1784 dictum
774 1755 860 1793 apud
887 1755 1062 1784 Zonaram:

361 1804 406 1843 μή
421 1805 487 1833 δεῖν
501 1805 593 1833 ὅπλα
608 1803 753 1841 βασιλέα
773 1807 883 1840 κινεῖν,
902 1804 960 1832 ἐ’ως
975 1805 1063 1841 εἰρη-

362 1855 465 1883 νεύειν
480 1853 566 1892 ἐξόν·
582 1863 641 1882 non
658 1854 764 1882 debere
778 1863 879 1891 reqem
893 1862 985 1882 arma
999 1863 1062 1881 mo-

362 1913 442 1939 vere,
464 1903 614 1941 quamdiu
631 1911 712 1940 pace
724 1902 802 1940 frui
824 1902 928 1931 liceat.
971 1902 1060 1939 (Lib.

362 1961 442 1982 xm.
459 1962 529 1990 cap.
544 1953 592 1982 25.
607 1952 681 1989 fin.)
724 1951 926 1989 Augustinus
942 1959 974 1981 n.
995 1951 1064 1988 epi-

362 2003 445 2031 stola
463 2002 503 2031 ad
518 2002 716 2032 Bonifacium
731 2013 737 2030 ε
756 2010 865 2039 pacem
882 2001 995 2030 habere
1009 2011 1062 2030 vo-

363 2052 493 2082 luntatis
506 2056 550 2081 est
562 2063 571 2081 .·
596 2052 706 2081 bellum
720 2054 821 2080 autem
836 2051 922 2080 debet
935 2060 998 2079 esse
1012 2060 1063 2079 ne-

362 2102 526 2138 cessitatis,
540 2105 574 2131 ut
588 2102 696 2131 liberet
706 2101 795 2131 Deus
809 2110 830 2129 a
844 2101 1022 2129 necessitate
1035 2104 1065 2130 et

362 2155 519 2182 conservet
538 2152 571 2181 in
585 2161 679 2190 pace.
725 2150 807 2190 [Ubi
827 2150 964 2189 legitur:
992 2149 1064 2179 Pa-

1126 1464 1189 1486 cem
1204 1455 1316 1485 habere
1330 1455 1416 1485 debet
1429 1455 1581 1491 voluntas,
1595 1455 1706 1485 bellum
1725 1464 1827 1485 neces-

1125 1506 1214 1535 sitas.
1256 1506 1359 1544 Epist.
1375 1514 1454 1536 xcv.
1471 1505 1558 1544 vulg.
1574 1506 1641 1536 189.
1658 1505 1676 1545 ἓ
1691 1505 1720 1536 6.
1760 1505 1828 1537 Ed.

1125 1555 1335 1594 BenedictinJ

1187 1610 1201 1626 ¹¹
1226 1605 1358 1635 Terrore
1385 1614 1424 1634 ac
1441 1604 1556 1644 fama]
1589 1605 1654 1635 Leo
1683 1613 1830 1643 spernens

1127 1654 1191 1685 tela
1209 1654 1263 1683 diu
1283 1664 1315 1684 se
1336 1658 1455 1684 terrore
1469 1654 1534 1684 solo
1555 1657 1667 1691 tuetur,
1688 1663 1728 1684 ac
1746 1654 1829 1684 velut

1127 1704 1195 1743 coyi
1210 1707 1351 1734 testatur.
1393 1704 1500 1734 Habet
1520 1704 1553 1733 id
1574 1704 1697 1733 Plinius
1714 1704 1828 1734 Histo-

1127 1754 1182 1783 riae
1197 1753 1370 1782 Naturalis
1382 1761 1458 1782 ΠΗ.
1474 1762 1543 1792 cap.
1560 1753 1610 1784 16.

1189 1807 1203 1821 ¹
1229 1803 1344 1841 Utique
1364 1801 1514 1840 dolenda]
1538 1802 1771 1832 Lacedaemonii
1794 1802 1827 1832 in

1128 1853 1280 1889 oratione,
1308 1862 1379 1890 quae
1406 1855 1511 1882 exstat
1537 1853 1622 1891 apud
1650 1853 1828 1882 Diodorum

1130 1903 1280 1937 Siculum,
1300 1902 1382 1930 libro
1397 1910 1476 1931 xm.
1493 1904 1582 1940 (cap.
1598 1902 1657 1940 52)
1673 1901 1829 1940 θεωροῦν-

1129 1964 1185 1982 τες
1211 1951 1273 1980 τάς
1305 1951 1338 1980 ἐν
1366 1952 1416 1989 τῷ
1449 1951 1585 1990 πολέμῳ
1622 1952 1829 1990 φιλονεικίας

1128 2000 1244 2031 πολλά
1259 2000 1313 2030 καὶ
1328 2000 1418 2030 δεινοὶ
1430 2000 1519 2036 πάθη
1533 2001 1704 2036 ποιοῦσας,
1719 2000 1830 2038 οἰόμε-

1129 2051 1167 2080 θα
1184 2052 1251 2080 δεῖν
1265 2050 1411 2088 φανερὸν
1421 2051 1560 2085 ποιῆσαι
1571 2052 1659 2079 πᾶσι
1673 2051 1727 2079 καὶ
1743 2050 1830 2080 θεοῖς

1129 2100 1183 2129 καὶ
1192 2099 1387 2137 ἀνθρώποις,
1399 2099 1453 2128 ὅτι
1468 2099 1600 2129 τούτων
1611 2099 1733 2134 ἥκιστα
1743 2099 1828 2128 πάν-

1129 2161 1197 2179 των
1224 2149 1322 2187 ἐσμὲν
1351 2148 1464 2178 αἴτιοι·
1495 2158 1564 2178 cum
1590 2149 1758 2187 videamus,
1790 2159 1829 2179 ez

361 2327 434 2350 run
450 2315 524 2350 into
544 2316 692 2361 danyer,
709 2315 807 2350 when
826 2326 876 2350 we
892 2316 978 2350 have
997 2326 1038 2349 as
1054 2315 1158 2349 much
1175 2320 1209 2349 to
1225 2316 1318 2359 sear
1337 2314 1376 2362 if
1396 2325 1446 2349 we
1464 2314 1508 2348 sit
1534 2313 1608 2349 still
1620 2326 1632 2347 .·
1662 2324 1702 2348 so
1726 2312 1830 2348 Aris-

362 2373 468 2407 tides.

532 2372 621 2407 This
653 2373 803 2407 Tacitus
835 2377 933 2418 puts,
961 2372 1011 2418 by
1042 2372 1170 2418 saying
1201 2371 1284 2406 that
1305 2370 1341 2405 A
1368 2371 1550 2406 miser-able
1571 2382 1678 2417 peace
1699 2371 1730 2405 is
1752 2370 1830 2405 well

362 2431 519 2475 chauyed
526 2431 598 2474 for
614 2441 694 2464 war
705 2443 718 2468 ;
740 2429 873 2471 where,
890 2440 929 2464 as
949 2429 997 2464 he
1014 2429 1091 2464 also
1105 2440 1197 2475 says,
1210 2429 1355 2474 Liberty
1368 2440 1453 2474 may
1468 2440 1587 2463 crown
1603 2429 1656 2462 the
1672 2433 1830 2473 attempt,

362 2489 439 2521 and
458 2488 574 2532 defeat
589 2487 664 2521 wilt
682 2487 773 2521 leave
790 2488 879 2521 them
894 2498 939 2520 no
957 2498 1075 2521 worse.

1140 2487 1190 2520 So
1210 2485 1322 2531 Livy:
1350 2485 1417 2520 but
1437 2489 1503 2520 not
1523 2485 1631 2519 when
1650 2484 1714 2520 the
1744 2495 1830 2532 pre-

361 2548 471 2579 tence
499 2544 530 2578 is
559 2555 599 2578 as
625 2543 753 2578 Cicero
775 2543 958 2578 describes
989 2543 1041 2584 it3
1066 2543 1105 2577 If
1125 2554 1199 2589 you
1223 2553 1287 2577 are
1317 2542 1529 2588 conquered
1552 2553 1626 2589 you
1656 2552 1719 2576 are
1743 2552 1829 2588 pro-

361 2601 508 2636 scribed
520 2613 530 2643 ;

560 2601 594 2635 if
623 2612 698 2646 you
725 2612 789 2635 are
810 2601 1008 2635 victorious
1033 2611 1107 2646 you
1127 2611 1190 2634 are
1211 2611 1233 2634 a
1252 2600 1362 2634 slave.

440 2658 510 2692 IX.
573 2657 680 2692 Then
696 2658 784 2703 only
804 2658 834 2692 is
855 2657 919 2692 the
940 2658 1031 2692 time
1057 2657 1117 2692 for
1136 2668 1222 2696 war,
1244 2656 1350 2691 when
1370 2667 1424 2691 we
1441 2655 1535 2691 have
1563 2655 1664 2701 right
1690 2666 1740 2690 on
1760 2665 1830 2690 our

363 2715 453 2755 side,
471 2715 556 2756 and,
573 2714 671 2749 what
691 2715 720 2749 is
742 2714 784 2749 of
801 2714 864 2749 the
885 2718 1048 2760 greatest
1068 2724 1334 2759 consequence,
1354 2713 1524 2758 strength
1540 2713 1630 2748 also.

1684 2711 1773 2747 This
1797 2711 1827 2746 is

364 2771 461 2805 what
478 2772 665 2817 Augustus
685 2772 775 2813 said,
796 2771 878 2807 that
898 2783 972 2806 war
991 2782 1063 2806 was
1083 2775 1149 2805 not
1174 2775 1212 2805 to
1239 2771 1286 2805 be
1309 2770 1541 2805 undertaken
1567 2773 1699 2816 except
1720 2768 1828 2802 when

364 2827 470 2861 there
490 2829 599 2862 could
623 2829 670 2863 be
694 2828 819 2863 shewn
844 2839 947 2863 more
977 2828 1074 2874 hope
1100 2828 1142 2862 of
1161 2828 1247 2873 gain
1271 2827 1362 2862 than
1391 2827 1472 2861 fear
1501 2827 1544 2861 of
1569 2827 1652 2861 loss.

1714 2824 1827 2858 What

366 2884 490 2929 Scipio
518 2884 711 2919 Africanus
738 2886 813 2919 and
835 2886 992 2920 Emilius
1020 2885 1159 2920 Paulus
1183 2885 1262 2919 said
1291 2884 1334 2919 of
1359 2895 1380 2918 a
1406 2883 1536 2925 battle,
1567 2894 1651 2929 may
1680 2882 1727 2916 be
1759 2891 1827 2927 ap-
