<?xml version="1.0" encoding="UTF-8"?>
<!DOCTYPE html PUBLIC "-//W3C//DTD XHTML 1.0 Transitional//EN"
    "http://www.w3.org/TR/xhtml1/DTD/xhtml1-transitional.dtd">
<html xmlns="http://www.w3.org/1999/xhtml" xml:lang="en" lang="en">
 <head>
  <title>
</title>
<meta http-equiv="Content-Type" content="text/html;charset=utf-8" />
  <meta name='ocr-system' content='tesseract 3.04.00' />
  <meta name='ocr-capabilities' content='ocr_page ocr_carea ocr_par ocr_line ocrx_word'/>
</head>
<body>
  <div class='ocr_page' id='page_1' title='image "./dejurebellietpac02grotuoft_0429.png"; bbox 0 0 2018 3204; ppageno 0'>
   <div class='ocr_carea' id='block_1_1' title="bbox 170 149 442 194">
    <p class='ocr_par' dir='ltr' id='par_1_1' title="bbox 170 149 442 194">
     <span class='ocr_line' id='line_1_1' title="bbox 170 149 442 194; baseline -0.004 -7"><span class='ocrx_word' id='word_1_1' title='bbox 170 151 258 187; x_wconf 70' lang='lat' dir='ltr'>CAP.</span> <span class='ocrx_word' id='word_1_2' title='bbox 277 149 442 194; x_wconf 85' lang='lat' dir='ltr'>XXIIL]</span> 
     </span>
    </p>
   </div>
   <div class='ocr_carea' id='block_1_2' title="bbox 172 257 1034 315">
    <p class='ocr_par' dir='ltr' id='par_1_2' title="bbox 172 257 1034 315">
     <span class='ocr_line' id='line_1_2' title="bbox 172 257 1034 315; baseline -0.002 -14"><span class='ocrx_word' id='word_1_3' title='bbox 172 261 338 315; x_wconf 79' lang='grc' dir='ltr'><em>Ι3]333333“α</em></span> <span class='ocrx_word' id='word_1_4' title='bbox 364 260 532 302; x_wconf 83' lang='lat' dir='ltr'>Graeeos</span> <span class='ocrx_word' id='word_1_5' title='bbox 555 258 694 314; x_wconf 84' lang='lat' dir='ltr'>culpat</span> <span class='ocrx_word' id='word_1_6' title='bbox 723 257 866 300; x_wconf 87' lang='lat' dir='ltr'>bacin</span> <span class='ocrx_word' id='word_1_7' title='bbox 889 262 1034 314; x_wconf 84' lang='lat' dir='ltr'>parte.</span> 
     </span>
    </p>
   </div>
   <div class='ocr_carea' id='block_1_3' title="bbox 648 147 1143 185">
    <p class='ocr_par' dir='ltr' id='par_1_3' title="bbox 648 147 1143 185">
     <span class='ocr_line' id='line_1_3' title="bbox 648 147 1143 185; baseline -0.004 -1"><span class='ocrx_word' id='word_1_8' title='bbox 648 150 716 184; x_wconf 88' lang='lat' dir='ltr'>DE</span> <span class='ocrx_word' id='word_1_9' title='bbox 749 148 926 185; x_wconf 85' lang='lat' dir='ltr'>OAUSIS</span> <span class='ocrx_word' id='word_1_10' title='bbox 956 147 1143 184; x_wconf 86' lang='lat' dir='ltr'>DUBIIS.</span> 
     </span>
    </p>
   </div>
   <div class='ocr_carea' id='block_1_4' title="bbox 1546 140 1628 180">
    <p class='ocr_par' dir='ltr' id='par_1_4' title="bbox 1546 140 1628 180">
     <span class='ocr_line' id='line_1_4' title="bbox 1546 140 1628 180; baseline 0.012 -1"><span class='ocrx_word' id='word_1_11' title='bbox 1546 140 1628 180; x_wconf 86' lang='lat'>403</span> 
     </span>
    </p>
   </div>
   <div class='ocr_carea' id='block_1_5' title="bbox 1071 256 1625 316">
    <p class='ocr_par' dir='ltr' id='par_1_5' title="bbox 1071 256 1625 316">
     <span class='ocr_line' id='line_1_5' title="bbox 1071 256 1625 316; baseline -0.005 -16"><span class='ocrx_word' id='word_1_12' title='bbox 1071 275 1170 303; x_wconf 74' lang='grc' dir='ltr'>ΤΟυς</span> <span class='ocrx_word' id='word_1_13' title='bbox 1201 256 1312 316; x_wconf 71' lang='grc' dir='ltr'>χρῆν</span> <span class='ocrx_word' id='word_1_14' title='bbox 1341 273 1496 300; x_wconf 78' lang='grc' dir='ltr'>ΕΟνΤας</span> <span class='ocrx_word' id='word_1_15' title='bbox 1526 274 1625 304; x_wconf 78' lang='grc' dir='ltr'><em>ΟμΟ-</em></span> 
     </span>
    </p>
   </div>
   <div class='ocr_carea' id='block_1_6' title="bbox 166 317 1626 642">
    <p class='ocr_par' dir='ltr' id='par_1_6' title="bbox 166 317 1626 577">
     <span class='ocr_line' id='line_1_6' title="bbox 166 317 1625 384; baseline -0.005 -15"><span class='ocrx_word' id='word_1_16' title='bbox 166 323 420 384; x_wconf 73' lang='grc' dir='ltr'>Ὑλωσσους,</span> <span class='ocrx_word' id='word_1_17' title='bbox 468 322 619 384; x_wconf 76' lang='grc' dir='ltr'>κηρυξὶ</span> <span class='ocrx_word' id='word_1_18' title='bbox 666 344 719 368; x_wconf 88' lang='grc' dir='ltr'>τε</span> <span class='ocrx_word' id='word_1_19' title='bbox 765 319 1100 384; x_wconf 71' lang='grc' dir='ltr'>διαχρεωμενους</span> <span class='ocrx_word' id='word_1_20' title='bbox 1146 341 1214 365; x_wconf 89' lang='grc' dir='ltr'>και</span> <span class='ocrx_word' id='word_1_21' title='bbox 1261 317 1518 378; x_wconf 73' lang='grc' dir='ltr'>αὙὙέλοισι,</span> <span class='ocrx_word' id='word_1_22' title='bbox 1555 339 1625 363; x_wconf 85' lang='grc' dir='ltr'>κα-</span> 
     </span>
     <span class='ocr_line' id='line_1_7' title="bbox 171 382 1624 450; baseline -0.003 -16"><span class='ocrx_word' id='word_1_23' title='bbox 171 389 475 446; x_wconf 78' lang='grc' dir='ltr'>ταλαμβάνειν</span> <span class='ocrx_word' id='word_1_24' title='bbox 516 409 595 437; x_wconf 85' lang='grc' dir='ltr'>τας</span> <span class='ocrx_word' id='word_1_25' title='bbox 639 385 843 450; x_wconf 67' lang='grc' dir='ltr'>διαφορας</span> <span class='ocrx_word' id='word_1_26' title='bbox 884 409 951 432; x_wconf 83' lang='grc' dir='ltr'>και</span> <span class='ocrx_word' id='word_1_27' title='bbox 994 408 1126 432; x_wconf 90' lang='grc' dir='ltr'>παντι</span> <span class='ocrx_word' id='word_1_28' title='bbox 1168 389 1337 440; x_wconf 76' lang='grc' dir='ltr'>μᾶλλον</span> <span class='ocrx_word' id='word_1_29' title='bbox 1375 382 1400 438; x_wconf 78' lang='grc' dir='ltr'>ἢ</span> <span class='ocrx_word' id='word_1_30' title='bbox 1440 383 1624 447; x_wconf 74' lang='grc' dir='ltr'>μάχῃσι</span> 
     </span>
     <span class='ocr_line' id='line_1_8' title="bbox 169 454 1626 513; baseline -0.005 -14"><span class='ocrx_word' id='word_1_31' title='bbox 169 472 272 513; x_wconf 75' lang='lat' dir='ltr'>quos</span> <span class='ocrx_word' id='word_1_32' title='bbox 312 457 516 512; x_wconf 75' lang='lat' dir='ltr'>oportuit,</span> <span class='ocrx_word' id='word_1_33' title='bbox 557 471 651 498; x_wconf 81' lang='lat' dir='ltr'>eum</span> <span class='ocrx_word' id='word_1_34' title='bbox 687 456 869 510; x_wconf 76' lang='lat' dir='ltr'>ejusdem</span> <span class='ocrx_word' id='word_1_35' title='bbox 907 463 1039 496; x_wconf 77' lang='lat' dir='ltr'>essent</span> <span class='ocrx_word' id='word_1_36' title='bbox 1081 455 1250 508; x_wconf 66' lang='lat' dir='ltr'>linquae,</span> <span class='ocrx_word' id='word_1_37' title='bbox 1294 454 1626 494; x_wconf 75' lang='lat' dir='ltr'>cacluceatormn</span> 
     </span>
     <span class='ocr_line' id='line_1_9' title="bbox 171 520 1558 577; baseline -0.004 -13"><span class='ocrx_word' id='word_1_38' title='bbox 171 531 210 564; x_wconf 78' lang='lat' dir='ltr'>et</span> <span class='ocrx_word' id='word_1_39' title='bbox 244 524 479 577; x_wconf 72' lang='lat' dir='ltr'>leyatorum</span> <span class='ocrx_word' id='word_1_40' title='bbox 512 536 655 576; x_wconf 77' lang='lat' dir='ltr'>opera,</span> <span class='ocrx_word' id='word_1_41' title='bbox 687 536 771 562; x_wconf 83' lang='grc'><em>33033</em></span> <span class='ocrx_word' id='word_1_42' title='bbox 795 521 981 574; x_wconf 77' lang='lat' dir='ltr'>proeliis,</span> <span class='ocrx_word' id='word_1_43' title='bbox 1014 520 1326 561; x_wconf 75' lang='lat' dir='ltr'>controversias</span> <span class='ocrx_word' id='word_1_44' title='bbox 1356 526 1558 560; x_wconf 76' lang='lat' dir='ltr'>tractare.</span> 
     </span>
    </p>

    <p class='ocr_par' dir='ltr' id='par_1_7' title="bbox 272 580 1626 642">
     <span class='ocr_line' id='line_1_10' title="bbox 272 580 1626 642; baseline -0.003 -13"><span class='ocrx_word' id='word_1_45' title='bbox 272 589 299 629; x_wconf 88' lang='lat'>2</span> <span class='ocrx_word' id='word_1_46' title='bbox 347 586 586 629; x_wconf 78' lang='lat' dir='ltr'>Coriolanus</span> <span class='ocrx_word' id='word_1_47' title='bbox 617 586 728 642; x_wconf 86' lang='lat' dir='ltr'>apud</span> <span class='ocrx_word' id='word_1_48' title='bbox 761 585 1196 626; x_wconf 80' lang='lat' dir='ltr'>Halicarnassensem:</span> <span class='ocrx_word' id='word_1_49' title='bbox 1229 582 1284 626; x_wconf 74' lang='grc' dir='ltr'>τὸ</span> <span class='ocrx_word' id='word_1_50' title='bbox 1322 603 1380 635; x_wconf 80' lang='grc' dir='ltr'>μη</span> <span class='ocrx_word' id='word_1_51' title='bbox 1420 586 1511 626; x_wconf 80' lang='grc' dir='ltr'>τῶν</span> <span class='ocrx_word' id='word_1_52' title='bbox 1549 580 1626 626; x_wconf 80' lang='grc' dir='ltr'>ἁλ-</span> 
     </span>
    </p>
   </div>
   <div class='ocr_carea' id='block_1_7' title="bbox 170 646 1626 713">
    <p class='ocr_par' dir='ltr' id='par_1_8' title="bbox 170 646 1626 713">
     <span class='ocr_line' id='line_1_11' title="bbox 170 646 1626 713; baseline -0.003 -17"><span class='ocrx_word' id='word_1_53' title='bbox 170 653 362 713; x_wconf 81' lang='grc' dir='ltr'>λοτρῖων</span> <span class='ocrx_word' id='word_1_54' title='bbox 415 650 648 704; x_wconf 69' lang='grc' dir='ltr'>ἐπιθυμεῖν,</span> <span class='ocrx_word' id='word_1_55' title='bbox 696 649 817 695; x_wconf 78' lang='grc' dir='ltr'>ἀλλα</span> <span class='ocrx_word' id='word_1_56' title='bbox 867 670 927 694; x_wconf 89' lang='grc' dir='ltr'>τοι</span> <span class='ocrx_word' id='word_1_57' title='bbox 978 647 1145 693; x_wconf 78' lang='grc' dir='ltr'>ἑαυτων</span> <span class='ocrx_word' id='word_1_58' title='bbox 1190 646 1410 698; x_wconf 71' lang='grc' dir='ltr'>ἀπαιτεῖν,</span> <span class='ocrx_word' id='word_1_59' title='bbox 1454 669 1521 692; x_wconf 86' lang='grc' dir='ltr'>και</span> <span class='ocrx_word' id='word_1_60' title='bbox 1568 669 1626 700; x_wconf 81' lang='grc' dir='ltr'>μη</span> 
     </span>
    </p>
   </div>
   <div class='ocr_carea' id='block_1_8' title="bbox 1617 647 1627 663">
    <p class='ocr_par' dir='ltr' id='par_1_9' title="bbox 1617 647 1627 663">
     <span class='ocr_line' id='line_1_12' title="bbox 1617 647 1627 663; baseline 0 0"><span class='ocrx_word' id='word_1_61' title='bbox 1617 647 1627 663; x_wconf 60' lang='grc' dir='ltr'>ἱ</span> 
     </span>
    </p>
   </div>
   <div class='ocr_carea' id='block_1_9' title="bbox 171 711 1628 778">
    <p class='ocr_par' dir='ltr' id='par_1_10' title="bbox 171 711 1628 778">
     <span class='ocr_line' id='line_1_13' title="bbox 171 711 1628 778; baseline -0.003 -16"><span class='ocrx_word' id='word_1_62' title='bbox 171 714 462 778; x_wconf 66' lang='grc' dir='ltr'>τυγχάνοντα</span> <span class='ocrx_word' id='word_1_63' title='bbox 486 716 646 761; x_wconf 80' lang='grc' dir='ltr'>τούτου</span> <span class='ocrx_word' id='word_1_64' title='bbox 675 718 898 765; x_wconf 73' lang='grc' dir='ltr'>πολεμεῖν,</span> <span class='ocrx_word' id='word_1_65' title='bbox 932 712 1124 762; x_wconf 77' lang='grc' dir='ltr'>ἅπαντες</span> <span class='ocrx_word' id='word_1_66' title='bbox 1160 711 1211 758; x_wconf 86' lang='grc' dir='ltr'>ἀν</span> <span class='ocrx_word' id='word_1_67' title='bbox 1245 712 1539 772; x_wconf 67' lang='grc' dir='ltr'>ὁμολογοῦσιν</span> <span class='ocrx_word' id='word_1_68' title='bbox 1571 715 1628 757; x_wconf 77' lang='grc' dir='ltr'>εἶ-</span> 
     </span>
    </p>
   </div>
   <div class='ocr_carea' id='block_1_10' title="bbox 175 781 431 828">
    <p class='ocr_par' dir='ltr' id='par_1_11' title="bbox 175 781 431 828">
     <span class='ocr_line' id='line_1_14' title="bbox 175 781 431 828; baseline -0.004 -1"><span class='ocrx_word' id='word_1_69' title='bbox 175 804 240 828; x_wconf 89' lang='grc' dir='ltr'>ναι</span> <span class='ocrx_word' id='word_1_70' title='bbox 278 781 431 827; x_wconf 82' lang='grc' dir='ltr'>καλόν·</span> 
     </span>
    </p>
   </div>
   <div class='ocr_carea' id='block_1_11' title="bbox 476 781 1627 839">
    <p class='ocr_par' dir='ltr' id='par_1_12' title="bbox 476 781 1627 839">
     <span class='ocr_line' id='line_1_15' title="bbox 476 781 1627 839; baseline -0.004 -14"><span class='ocrx_word' id='word_1_71' title='bbox 476 785 517 825; x_wconf 74' lang='grc' dir='ltr'>εἰ</span> <span class='ocrx_word' id='word_1_72' title='bbox 554 785 651 839; x_wconf 77' lang='lat' dir='ltr'>quis</span> <span class='ocrx_word' id='word_1_73' title='bbox 692 798 776 824; x_wconf 83' lang='grc'><em>33033</em></span> <span class='ocrx_word' id='word_1_74' title='bbox 819 784 967 824; x_wconf 71' lang='lat' dir='ltr'>aliena</span> <span class='ocrx_word' id='word_1_75' title='bbox 1007 783 1171 837; x_wconf 75' lang='lat' dir='ltr'>cupiat,</span> <span class='ocrx_word' id='word_1_76' title='bbox 1211 783 1284 823; x_wconf 79' lang='lat' dir='ltr'>secl</span> <span class='ocrx_word' id='word_1_77' title='bbox 1320 796 1402 822; x_wconf 75' lang='lat' dir='ltr'>sua</span> <span class='ocrx_word' id='word_1_78' title='bbox 1427 781 1627 835; x_wconf 74' lang='lat' dir='ltr'><em>postulet,</em></span> 
     </span>
    </p>
   </div>
   <div class='ocr_carea' id='block_1_12' title="bbox 173 847 1629 906">
    <p class='ocr_par' dir='ltr' id='par_1_13' title="bbox 173 847 1629 906">
     <span class='ocr_line' id='line_1_16' title="bbox 173 847 1629 906; baseline -0.004 -14"><span class='ocrx_word' id='word_1_79' title='bbox 173 858 311 906; x_wconf 78' lang='lat' dir='ltr'>atque,</span> <span class='ocrx_word' id='word_1_80' title='bbox 339 852 397 892; x_wconf 76' lang='lat' dir='ltr'>iis</span> <span class='ocrx_word' id='word_1_81' title='bbox 428 864 511 890; x_wconf 82' lang='grc'><em>33033</em></span> <span class='ocrx_word' id='word_1_82' title='bbox 545 850 801 904; x_wconf 76' lang='lat' dir='ltr'>impetratis,</span> <span class='ocrx_word' id='word_1_83' title='bbox 842 849 995 890; x_wconf 76' lang='lat' dir='ltr'>bellum</span> <span class='ocrx_word' id='word_1_84' title='bbox 1022 855 1200 894; x_wconf 78' lang='lat' dir='ltr'>moveat,</span> <span class='ocrx_word' id='word_1_85' title='bbox 1231 848 1281 888; x_wconf 74' lang='lat' dir='ltr'>id</span> <span class='ocrx_word' id='word_1_86' title='bbox 1315 847 1503 888; x_wconf 77' lang='lat' dir='ltr'>omnium</span> <span class='ocrx_word' id='word_1_87' title='bbox 1535 860 1629 887; x_wconf 77' lang='lat' dir='ltr'>con-</span> 
     </span>
    </p>
   </div>
   <div class='ocr_carea' id='block_1_13' title="bbox 160 917 654 970">
    <p class='ocr_par' dir='ltr' id='par_1_14' title="bbox 160 917 654 970">
     <span class='ocr_line' id='line_1_17' title="bbox 160 917 654 970; baseline -0.004 -12"><span class='ocrx_word' id='word_1_88' title='bbox 160 917 351 970; x_wconf 75' lang='lat' dir='ltr'>fessione</span> <span class='ocrx_word' id='word_1_89' title='bbox 385 930 552 970; x_wconf 78' lang='lat' dir='ltr'>oequum</span> <span class='ocrx_word' id='word_1_90' title='bbox 583 923 654 956; x_wconf 74' lang='lat' dir='ltr'>est.</span> 
     </span>
    </p>
   </div>
   <div class='ocr_carea' id='block_1_14' title="bbox 725 911 1630 970">
    <p class='ocr_par' dir='ltr' id='par_1_15' title="bbox 725 911 1630 970">
     <span class='ocr_line' id='line_1_18' title="bbox 725 911 1630 970; baseline -0.006 -14"><span class='ocrx_word' id='word_1_91' title='bbox 725 914 854 970; x_wconf 89' lang='lat' dir='ltr'>Apud</span> <span class='ocrx_word' id='word_1_92' title='bbox 894 913 1069 955; x_wconf 90' lang='lat' dir='ltr'>eundem</span> <span class='ocrx_word' id='word_1_93' title='bbox 1106 911 1508 954; x_wconf 83' lang='lat' dir='ltr'>Halicarnassensem</span> <span class='ocrx_word' id='word_1_94' title='bbox 1553 925 1630 951; x_wconf 81' lang='lat' dir='ltr'>rex</span> 
     </span>
    </p>
   </div>
   <div class='ocr_carea' id='block_1_15' title="bbox 1645 596 1802 650">
    <p class='ocr_par' dir='ltr' id='par_1_16' title="bbox 1645 596 1802 650">
     <span class='ocr_line' id='line_1_19' title="bbox 1645 596 1802 621; baseline 0 -1"><span class='ocrx_word' id='word_1_95' title='bbox 1645 596 1707 620; x_wconf 71' lang='lat' dir='ltr'>Ant.</span> <span class='ocrx_word' id='word_1_96' title='bbox 1724 596 1802 621; x_wconf 84' lang='lat' dir='ltr'>Rom.</span> 
     </span>
     <span class='ocr_line' id='line_1_20' title="bbox 1645 626 1738 650; baseline 0 0"><span class='ocrx_word' id='word_1_97' title='bbox 1645 626 1701 650; x_wconf 83' lang='lat' dir='ltr'>viii.</span> <span class='ocrx_word' id='word_1_98' title='bbox 1715 627 1738 650; x_wconf 87' lang='lat'>8.</span> 
     </span>
    </p>
   </div>
   <div class='ocr_carea' id='block_1_16' title="bbox 174 976 1819 1102">
    <p class='ocr_par' dir='ltr' id='par_1_17' title="bbox 174 976 1819 1102">
     <span class='ocr_line' id='line_1_21' title="bbox 174 976 1813 1036; baseline -0.002 -14"><span class='ocrx_word' id='word_1_99' title='bbox 174 981 210 1022; x_wconf 86' lang='lat' dir='ltr'>T</span> <span class='ocrx_word' id='word_1_100' title='bbox 213 981 342 1031; x_wconf 89' lang='lat' dir='ltr'>ullus;</span> <span class='ocrx_word' id='word_1_101' title='bbox 380 996 473 1036; x_wconf 67' lang='lat' dir='ltr'>quae</span> <span class='ocrx_word' id='word_1_102' title='bbox 495 981 634 1022; x_wconf 80' lang='lat' dir='ltr'>verbis</span> <span class='ocrx_word' id='word_1_103' title='bbox 658 981 852 1034; x_wconf 80' lang='lat' dir='ltr'>componi</span> <span class='ocrx_word' id='word_1_104' title='bbox 874 987 1095 1034; x_wconf 75' lang='lat' dir='ltr'>nequeunt,</span> <span class='ocrx_word' id='word_1_105' title='bbox 1122 993 1174 1020; x_wconf 81' lang='lat' dir='ltr'>ea</span> <span class='ocrx_word' id='word_1_106' title='bbox 1198 979 1337 1019; x_wconf 76' lang='lat' dir='ltr'>armis</span> <span class='ocrx_word' id='word_1_107' title='bbox 1359 976 1417 1018; x_wconf 78' lang='lat' dir='ltr'>ait</span> <span class='ocrx_word' id='word_1_108' title='bbox 1440 977 1626 1020; x_wconf 77' lang='lat' dir='ltr'>decerni.</span> <span class='ocrx_word' id='word_1_109' title='bbox 1647 987 1705 1012; x_wconf 77' lang='lat' dir='ltr'>Lib·</span> <span class='ocrx_word' id='word_1_110' title='bbox 1722 986 1813 1011; x_wconf 71' lang='lat' dir='ltr'>iii-11-</span> 
     </span>
     <span class='ocr_line' id='line_1_22' title="bbox 174 1044 1819 1102; baseline -0.003 -15"><span class='ocrx_word' id='word_1_111' title='bbox 174 1046 299 1101; x_wconf 91' lang='lat' dir='ltr'>Apud</span> <span class='ocrx_word' id='word_1_112' title='bbox 335 1045 520 1088; x_wconf 85' lang='lat' dir='ltr'>Tacitum</span> <span class='ocrx_word' id='word_1_113' title='bbox 560 1045 810 1102; x_wconf 83' lang='lat' dir='ltr'>Vologeses:</span> <span class='ocrx_word' id='word_1_114' title='bbox 844 1046 1046 1100; x_wconf 78' lang='lat' dir='ltr'>aequitate</span> <span class='ocrx_word' id='word_1_115' title='bbox 1080 1059 1209 1099; x_wconf 81' lang='lat' dir='ltr'>quam</span> <span class='ocrx_word' id='word_1_116' title='bbox 1240 1044 1461 1097; x_wconf 71' lang='lat' dir='ltr'>sanquine,</span> <span class='ocrx_word' id='word_1_117' title='bbox 1495 1057 1631 1084; x_wconf 80' lang='lat' dir='ltr'>causa</span> <span class='ocrx_word' id='word_1_118' title='bbox 1647 1051 1819 1076; x_wconf 51' lang='grc' dir='ltr'><em>ΛΜΗ-2-</em></span> 
     </span>
    </p>
   </div>
   <div class='ocr_carea' id='block_1_17' title="bbox 174 1109 1404 1167">
    <p class='ocr_par' dir='ltr' id='par_1_18' title="bbox 174 1109 1404 1167">
     <span class='ocr_line' id='line_1_23' title="bbox 174 1109 1404 1167; baseline -0.003 -14"><span class='ocrx_word' id='word_1_119' title='bbox 174 1127 307 1167; x_wconf 78' lang='lat' dir='ltr'>quam</span> <span class='ocrx_word' id='word_1_120' title='bbox 330 1113 468 1154; x_wconf 73' lang='lat' dir='ltr'>armi-s·</span> <span class='ocrx_word' id='word_1_121' title='bbox 498 1113 678 1153; x_wconf 76' lang='lat' dir='ltr'>retinere</span> <span class='ocrx_word' id='word_1_122' title='bbox 705 1118 846 1165; x_wconf 73' lang='lat' dir='ltr'>parta</span> <span class='ocrx_word' id='word_1_123' title='bbox 877 1111 1117 1164; x_wconf 76' lang='lat' dir='ltr'>majoribus</span> <span class='ocrx_word' id='word_1_124' title='bbox 1151 1109 1404 1150; x_wconf 80' lang='lat' dir='ltr'><em>malueram.</em></span> 
     </span>
    </p>
   </div>
   <div class='ocr_carea' id='block_1_18' title="bbox 175 1177 478 1219">
    <p class='ocr_par' dir='ltr' id='par_1_19' title="bbox 175 1177 478 1219">
     <span class='ocr_line' id='line_1_24' title="bbox 175 1177 478 1219; baseline -0.003 -1"><span class='ocrx_word' id='word_1_125' title='bbox 175 1177 453 1219; x_wconf 89' lang='lat' dir='ltr'>Theodoricus</span> <span class='ocrx_word' id='word_1_126' title='bbox 469 1192 478 1217; x_wconf 94' lang='lat'>:</span> 
     </span>
    </p>
   </div>
   <div class='ocr_carea' id='block_1_19' title="bbox 1474 1109 1631 1149">
    <p class='ocr_par' dir='ltr' id='par_1_20' title="bbox 1474 1109 1631 1149">
     <span class='ocr_line' id='line_1_25' title="bbox 1474 1109 1631 1149; baseline 0 -1"><span class='ocrx_word' id='word_1_127' title='bbox 1474 1109 1531 1149; x_wconf 87' lang='lat' dir='ltr'>Et</span> <span class='ocrx_word' id='word_1_128' title='bbox 1554 1122 1631 1148; x_wconf 81' lang='lat' dir='ltr'>rex</span> 
     </span>
    </p>
   </div>
   <div class='ocr_carea' id='block_1_20' title="bbox 176 1241 1439 1298">
    <p class='ocr_par' dir='ltr' id='par_1_21' title="bbox 176 1241 1439 1298">
     <span class='ocr_line' id='line_1_26' title="bbox 176 1241 1439 1298; baseline -0.001 -15"><span class='ocrx_word' id='word_1_129' title='bbox 176 1243 315 1285; x_wconf 83' lang='lat' dir='ltr'>locum</span> <span class='ocrx_word' id='word_1_130' title='bbox 336 1244 458 1298; x_wconf 80' lang='lat' dir='ltr'>apud</span> <span class='ocrx_word' id='word_1_131' title='bbox 480 1243 756 1284; x_wconf 75' lang='lat' dir='ltr'>adversarios</span> <span class='ocrx_word' id='word_1_132' title='bbox 769 1241 950 1296; x_wconf 76' lang='lat' dir='ltr'>justitia</span> <span class='ocrx_word' id='word_1_133' title='bbox 973 1256 1057 1283; x_wconf 84' lang='grc'><em>33033</em></span> <span class='ocrx_word' id='word_1_134' title='bbox 1072 1248 1214 1296; x_wconf 73' lang='lat' dir='ltr'>potest</span> <span class='ocrx_word' id='word_1_135' title='bbox 1236 1241 1439 1282; x_wconf 74' lang='lat' dir='ltr'>invenire.</span> 
     </span>
    </p>
   </div>
   <div class='ocr_carea' id='block_1_21' title="bbox 275 1309 397 1351">
    <p class='ocr_par' dir='ltr' id='par_1_22' title="bbox 275 1309 397 1351">
     <span class='ocr_line' id='line_1_27' title="bbox 275 1309 397 1351; baseline -0.016 0"><span class='ocrx_word' id='word_1_136' title='bbox 275 1309 397 1351; x_wconf 90' lang='lat' dir='ltr'>VIII.</span> 
     </span>
    </p>
   </div>
   <div class='ocr_carea' id='block_1_22' title="bbox 175 1303 1633 1428">
    <p class='ocr_par' dir='ltr' id='par_1_23' title="bbox 175 1303 1633 1428">
     <span class='ocr_line' id='line_1_28' title="bbox 463 1303 1633 1361; baseline -0.003 -12"><span class='ocrx_word' id='word_1_137' title='bbox 463 1310 487 1349; x_wconf 91' lang='lat'>1</span> <span class='ocrx_word' id='word_1_138' title='bbox 535 1307 727 1349; x_wconf 87' lang='lat' dir='ltr'>Alterum</span> <span class='ocrx_word' id='word_1_139' title='bbox 755 1312 818 1348; x_wconf 89' lang='lat' dir='ltr'>est</span> <span class='ocrx_word' id='word_1_140' title='bbox 850 1306 959 1348; x_wconf 83' lang='lat' dir='ltr'>inter</span> <span class='ocrx_word' id='word_1_141' title='bbox 983 1321 1065 1355; x_wconf 90' lang='lat' dir='ltr'>eos,</span> <span class='ocrx_word' id='word_1_142' title='bbox 1091 1306 1161 1361; x_wconf 87' lang='lat' dir='ltr'>qui</span> <span class='ocrx_word' id='word_1_143' title='bbox 1182 1319 1435 1347; x_wconf 90' lang='lat' dir='ltr'>communem</span> <span class='ocrx_word' id='word_1_144' title='bbox 1453 1303 1633 1359; x_wconf 86' lang='lat' dir='ltr'>judicem</span> 
     </span>
     <span class='ocr_line' id='line_1_29' title="bbox 175 1369 963 1428; baseline -0.001 -13"><span class='ocrx_word' id='word_1_145' title='bbox 175 1373 332 1415; x_wconf 89' lang='lat' dir='ltr'>nullum</span> <span class='ocrx_word' id='word_1_146' title='bbox 368 1374 537 1423; x_wconf 85' lang='lat' dir='ltr'>habent,</span> <span class='ocrx_word' id='word_1_147' title='bbox 574 1369 963 1428; x_wconf 79' lang='lat' dir='ltr'>kcompromissum:</span> 
     </span>
    </p>
   </div>
   <div class='ocr_carea' id='block_1_23' title="bbox 1000 1365 1632 1415">
    <p class='ocr_par' dir='ltr' id='par_1_24' title="bbox 1000 1365 1632 1415">
     <span class='ocr_line' id='line_1_30' title="bbox 1000 1365 1632 1415; baseline -0.003 0"><span class='ocrx_word' id='word_1_148' title='bbox 1000 1369 1074 1415; x_wconf 66' lang='grc' dir='ltr'>ἐπὶ</span> <span class='ocrx_word' id='word_1_149' title='bbox 1113 1369 1193 1413; x_wconf 67' lang='grc' dir='ltr'>’Τὸν</span> <span class='ocrx_word' id='word_1_150' title='bbox 1232 1365 1344 1414; x_wconf 63' lang='grc' dir='ltr'>δίκας</span> <span class='ocrx_word' id='word_1_151' title='bbox 1384 1365 1554 1413; x_wconf 68' lang='grc' dir='ltr'>διδόντα</span> <span class='ocrx_word' id='word_1_152' title='bbox 1585 1367 1632 1413; x_wconf 72' lang='grc' dir='ltr'>Οὐ</span> 
     </span>
    </p>
   </div>
   <div class='ocr_carea' id='block_1_24' title="bbox 519 1176 1852 1238">
    <p class='ocr_par' dir='ltr' id='par_1_25' title="bbox 519 1176 1852 1238">
     <span class='ocr_line' id='line_1_31' title="bbox 519 1176 1852 1238; baseline -0.004 -20"><span class='ocrx_word' id='word_1_153' title='bbox 519 1185 618 1218; x_wconf 75' lang='lat' dir='ltr'>tunc</span> <span class='ocrx_word' id='word_1_154' title='bbox 637 1177 743 1218; x_wconf 82' lang='lat' dir='ltr'>utile</span> <span class='ocrx_word' id='word_1_155' title='bbox 766 1176 906 1218; x_wconf 77' lang='lat' dir='ltr'>solum</span> <span class='ocrx_word' id='word_1_156' title='bbox 929 1184 990 1217; x_wconf 74' lang='lat' dir='ltr'>est</span> <span class='ocrx_word' id='word_1_157' title='bbox 1013 1177 1075 1216; x_wconf 76' lang='lat' dir='ltr'>acl</span> <span class='ocrx_word' id='word_1_158' title='bbox 1097 1189 1226 1216; x_wconf 76' lang='lat' dir='ltr'>arma</span> <span class='ocrx_word' id='word_1_159' title='bbox 1249 1188 1511 1224; x_wconf 78' lang='lat' dir='ltr'>concurrere,</span> <span class='ocrx_word' id='word_1_160' title='bbox 1537 1189 1632 1216; x_wconf 78' lang='lat' dir='ltr'>eum</span> <span class='ocrx_word' id='word_1_161' title='bbox 1651 1183 1771 1238; x_wconf 79' lang='lat' dir='ltr'>lCass-iii·</span> <span class='ocrx_word' id='word_1_162' title='bbox 1787 1184 1852 1207; x_wconf 79' lang='lat' dir='ltr'>Var-</span> 
     </span>
    </p>
   </div>
   <div class='ocr_carea' id='block_1_25' title="bbox 178 1433 1796 1561">
    <p class='ocr_par' dir='ltr' id='par_1_26' title="bbox 178 1433 1796 1561">
     <span class='ocr_line' id='line_1_32' title="bbox 178 1433 1796 1492; baseline -0.006 -10"><span class='ocrx_word' id='word_1_163' title='bbox 178 1437 348 1492; x_wconf 79' lang='grc' dir='ltr'>νόμιμον</span> <span class='ocrx_word' id='word_1_164' title='bbox 390 1438 440 1485; x_wconf 76' lang='grc' dir='ltr'>ὠς</span> <span class='ocrx_word' id='word_1_165' title='bbox 485 1437 523 1486; x_wconf 85' lang='grc' dir='ltr'>ἐς</span> <span class='ocrx_word' id='word_1_166' title='bbox 571 1433 801 1482; x_wconf 72' lang='grc' dir='ltr'>ἀδικοῦντα</span> <span class='ocrx_word' id='word_1_167' title='bbox 849 1435 966 1486; x_wconf 80' lang='grc' dir='ltr'>ἱέναι,</span> <span class='ocrx_word' id='word_1_168' title='bbox 1011 1437 1071 1479; x_wconf 85' lang='lat' dir='ltr'>ait</span> <span class='ocrx_word' id='word_1_169' title='bbox 1114 1436 1403 1492; x_wconf 81' lang='lat' dir='ltr'>Thucydides:</span> <span class='ocrx_word' id='word_1_170' title='bbox 1440 1438 1488 1477; x_wconf 81' lang='lat' dir='ltr'>in</span> <span class='ocrx_word' id='word_1_171' title='bbox 1528 1449 1796 1485; x_wconf 48' lang='lat' dir='ltr'>emmunim.</span> 
     </span>
     <span class='ocr_line' id='line_1_33' title="bbox 178 1502 1639 1561; baseline -0.003 -15"><span class='ocrx_word' id='word_1_172' title='bbox 178 1507 254 1561; x_wconf 77' lang='lat' dir='ltr'>qui</span> <span class='ocrx_word' id='word_1_173' title='bbox 275 1507 489 1547; x_wconf 77' lang='lat' dir='ltr'>arbitrum</span> <span class='ocrx_word' id='word_1_174' title='bbox 524 1507 717 1561; x_wconf 78' lang='lat' dir='ltr'>accipere</span> <span class='ocrx_word' id='word_1_175' title='bbox 741 1512 935 1560; x_wconf 76' lang='lat' dir='ltr'>paratus</span> <span class='ocrx_word' id='word_1_176' title='bbox 967 1512 1043 1556; x_wconf 77' lang='lat' dir='ltr'>est,</span> <span class='ocrx_word' id='word_1_177' title='bbox 1066 1504 1189 1557; x_wconf 67' lang='lat' dir='ltr'>nefas</span> <span class='ocrx_word' id='word_1_178' title='bbox 1224 1510 1275 1543; x_wconf 81' lang='lat' dir='ltr'>ut</span> <span class='ocrx_word' id='word_1_179' title='bbox 1303 1503 1350 1542; x_wconf 75' lang='lat' dir='ltr'>in</span> <span class='ocrx_word' id='word_1_180' title='bbox 1378 1502 1639 1555; x_wconf 70' lang='lat' dir='ltr'>injuriosum</span> 
     </span>
    </p>
   </div>
   <div class='ocr_carea' id='block_1_26' title="bbox 178 1619 885 2452">
    <p class='ocr_par' dir='ltr' id='par_1_27' title="bbox 178 1619 885 2452">
     <span class='ocr_line' id='line_1_34' title="bbox 178 1619 876 1659; baseline -0.003 -9"><span class='ocrx_word' id='word_1_181' title='bbox 178 1622 358 1650; x_wconf 82' lang='lat' dir='ltr'>Romanum</span> <span class='ocrx_word' id='word_1_182' title='bbox 378 1620 544 1659; x_wconf 89' lang='lat' dir='ltr'>imperium</span> <span class='ocrx_word' id='word_1_183' title='bbox 567 1619 677 1658; x_wconf 88' lang='lat' dir='ltr'>populi</span> <span class='ocrx_word' id='word_1_184' title='bbox 694 1622 876 1649; x_wconf 84' lang='lat' dir='ltr'>controver-</span> 
     </span>
     <span class='ocr_line' id='line_1_35' title="bbox 179 1669 877 1707; baseline -0.003 -8"><span class='ocrx_word' id='word_1_185' title='bbox 179 1671 294 1700; x_wconf 82' lang='lat' dir='ltr'>siarum</span> <span class='ocrx_word' id='word_1_186' title='bbox 309 1680 445 1707; x_wconf 85' lang='lat' dir='ltr'>suarum,</span> <span class='ocrx_word' id='word_1_187' title='bbox 467 1674 504 1699; x_wconf 83' lang='lat' dir='ltr'>ut</span> <span class='ocrx_word' id='word_1_188' title='bbox 523 1670 607 1699; x_wconf 84' lang='lat' dir='ltr'>bella</span> <span class='ocrx_word' id='word_1_189' title='bbox 625 1670 772 1705; x_wconf 78' lang='lat' dir='ltr'>vitarent,</span> <span class='ocrx_word' id='word_1_190' title='bbox 795 1669 877 1698; x_wconf 86' lang='lat' dir='ltr'>arbi-</span> 
     </span>
     <span class='ocr_line' id='line_1_36' title="bbox 179 1719 877 1750; baseline -0.004 0"><span class='ocrx_word' id='word_1_191' title='bbox 179 1724 264 1750; x_wconf 91' lang='lat' dir='ltr'>trum</span> <span class='ocrx_word' id='word_1_192' title='bbox 281 1730 440 1750; x_wconf 86' lang='lat' dir='ltr'>sumsere:</span> <span class='ocrx_word' id='word_1_193' title='bbox 464 1720 609 1749; x_wconf 79' lang='lat' dir='ltr'>meminit</span> <span class='ocrx_word' id='word_1_194' title='bbox 629 1719 742 1749; x_wconf 84' lang='lat' dir='ltr'><strong>Victor</strong></span> <span class='ocrx_word' id='word_1_195' title='bbox 762 1722 794 1748; x_wconf 89' lang='lat' dir='ltr'>et</span> <span class='ocrx_word' id='word_1_196' title='bbox 813 1719 877 1748; x_wconf 88' lang='lat' dir='ltr'>alii.</span> 
     </span>
     <span class='ocr_line' id='line_1_37' title="bbox 180 1769 878 1809; baseline -0.006 -8"><span class='ocrx_word' id='word_1_197' title='bbox 180 1772 279 1809; x_wconf 87' lang='lat' dir='ltr'><strong>Apud</strong></span> <span class='ocrx_word' id='word_1_198' title='bbox 298 1770 488 1809; x_wconf 77' lang='lat' dir='ltr'>Procopium</span> <span class='ocrx_word' id='word_1_199' title='bbox 517 1770 652 1799; x_wconf 81' lang='lat' dir='ltr'>Goltlzie.</span> <span class='ocrx_word' id='word_1_200' title='bbox 668 1778 720 1798; x_wconf 89' lang='lat'>111.</span> <span class='ocrx_word' id='word_1_201' title='bbox 746 1769 878 1807; x_wconf 85' lang='lat' dir='ltr'>Gepidae</span> 
     </span>
     <span class='ocr_line' id='line_1_38' title="bbox 179 1818 879 1859; baseline -0.004 -9"><span class='ocrx_word' id='word_1_202' title='bbox 179 1821 400 1859; x_wconf 84' lang='lat' dir='ltr'>Langobardis</span> <span class='ocrx_word' id='word_1_203' title='bbox 414 1820 523 1849; x_wconf 83' lang='lat' dir='ltr'>dieunt</span> <span class='ocrx_word' id='word_1_204' title='bbox 536 1831 542 1848; x_wconf 90' lang='lat'>:</span> <span class='ocrx_word' id='word_1_205' title='bbox 566 1820 638 1857; x_wconf 79' lang='grc' dir='ltr'>δίκῃ</span> <span class='ocrx_word' id='word_1_206' title='bbox 654 1818 720 1857; x_wconf 77' lang='grc' dir='ltr'>γάρ</span> <span class='ocrx_word' id='word_1_207' title='bbox 735 1818 879 1848; x_wconf 73' lang='grc' dir='ltr'>διαλύειν</span> 
     </span>
     <span class='ocr_line' id='line_1_39' title="bbox 179 1868 879 1908; baseline -0.006 -8"><span class='ocrx_word' id='word_1_208' title='bbox 179 1870 224 1900; x_wconf 70' lang='grc' dir='ltr'>τά</span> <span class='ocrx_word' id='word_1_209' title='bbox 246 1870 388 1908; x_wconf 81' lang='grc' dir='ltr'>διάφορα</span> <span class='ocrx_word' id='word_1_210' title='bbox 403 1870 436 1899; x_wconf 84' lang='grc' dir='ltr'>ἑν</span> <span class='ocrx_word' id='word_1_211' title='bbox 456 1869 582 1907; x_wconf 77' lang='grc' dir='ltr'>σπουδῇ</span> <span class='ocrx_word' id='word_1_212' title='bbox 603 1868 732 1907; x_wconf 71' lang='grc' dir='ltr'>ἔχομεν.</span> <span class='ocrx_word' id='word_1_213' title='bbox 755 1868 879 1906; x_wconf 79' lang='grc' dir='ltr'>δικάζε-</span> 
     </span>
     <span class='ocr_line' id='line_1_40' title="bbox 181 1917 878 1956; baseline -0.006 -6"><span class='ocrx_word' id='word_1_214' title='bbox 181 1919 258 1950; x_wconf 86' lang='grc' dir='ltr'>σθαι</span> <span class='ocrx_word' id='word_1_215' title='bbox 278 1920 309 1949; x_wconf 81' lang='grc' dir='ltr'>ὃὲ</span> <span class='ocrx_word' id='word_1_216' title='bbox 326 1921 373 1949; x_wconf 80' lang='grc' dir='ltr'>οἷς</span> <span class='ocrx_word' id='word_1_217' title='bbox 391 1919 430 1948; x_wconf 74' lang='grc' dir='ltr'>ἄν</span> <span class='ocrx_word' id='word_1_218' title='bbox 451 1917 685 1955; x_wconf 70' lang='grc' dir='ltr'>σπουδάζεται,</span> <span class='ocrx_word' id='word_1_219' title='bbox 705 1917 878 1956; x_wconf 76' lang='grc' dir='ltr'>βιάζεσθαι</span> 
     </span>
     <span class='ocr_line' id='line_1_41' title="bbox 181 1967 878 2007; baseline -0.006 -8"><span class='ocrx_word' id='word_1_220' title='bbox 181 1970 303 2007; x_wconf 80' lang='grc' dir='ltr'>οὐδαμῆ</span> <span class='ocrx_word' id='word_1_221' title='bbox 324 1968 520 2006; x_wconf 60' lang='grc' dir='ltr'>πρόσεστιν</span> <span class='ocrx_word' id='word_1_222' title='bbox 543 1968 665 1996; x_wconf 80' lang='lat' dir='ltr'>arbitro</span> <span class='ocrx_word' id='word_1_223' title='bbox 681 1970 779 1996; x_wconf 79' lang='lat' dir='ltr'>sumto</span> <span class='ocrx_word' id='word_1_224' title='bbox 797 1967 878 1995; x_wconf 83' lang='lat' dir='ltr'>diri-</span> 
     </span>
     <span class='ocr_line' id='line_1_42' title="bbox 181 2017 880 2055; baseline -0.004 -7"><span class='ocrx_word' id='word_1_225' title='bbox 181 2028 261 2048; x_wconf 85' lang='lat' dir='ltr'>mere</span> <span class='ocrx_word' id='word_1_226' title='bbox 279 2022 477 2048; x_wconf 77' lang='lat' dir='ltr'>controversa</span> <span class='ocrx_word' id='word_1_227' title='bbox 489 2017 604 2055; x_wconf 78' lang='lat' dir='ltr'>parati</span> <span class='ocrx_word' id='word_1_228' title='bbox 625 2026 746 2046; x_wconf 77' lang='lat' dir='ltr'>sumus:</span> <span class='ocrx_word' id='word_1_229' title='bbox 770 2020 804 2046; x_wconf 81' lang='lat' dir='ltr'>at</span> <span class='ocrx_word' id='word_1_230' title='bbox 825 2017 880 2055; x_wconf 80' lang='lat' dir='ltr'>qui</span> 
     </span>
     <span class='ocr_line' id='line_1_43' title="bbox 178 2066 879 2106; baseline -0.006 -8"><span class='ocrx_word' id='word_1_231' title='bbox 178 2072 266 2098; x_wconf 79' lang='lat' dir='ltr'>stare</span> <span class='ocrx_word' id='word_1_232' title='bbox 273 2068 398 2106; x_wconf 79' lang='lat' dir='ltr'>judicio</span> <span class='ocrx_word' id='word_1_233' title='bbox 412 2068 527 2103; x_wconf 82' lang='lat' dir='ltr'>volunt,</span> <span class='ocrx_word' id='word_1_234' title='bbox 549 2076 599 2096; x_wconf 83' lang='lat' dir='ltr'>eos</span> <span class='ocrx_word' id='word_1_235' title='bbox 613 2067 645 2096; x_wconf 85' lang='lat' dir='ltr'>vi</span> <span class='ocrx_word' id='word_1_236' title='bbox 660 2067 803 2104; x_wconf 81' lang='lat' dir='ltr'>impetere</span> <span class='ocrx_word' id='word_1_237' title='bbox 817 2066 879 2094; x_wconf 84' lang='lat' dir='ltr'>ini-</span> 
     </span>
     <span class='ocr_line' id='line_1_44' title="bbox 181 2116 880 2158; baseline -0.006 -10"><span class='ocrx_word' id='word_1_238' title='bbox 181 2129 274 2158; x_wconf 83' lang='lat' dir='ltr'>quum</span> <span class='ocrx_word' id='word_1_239' title='bbox 296 2122 348 2149; x_wconf 79' lang='lat' dir='ltr'>est.</span> <span class='ocrx_word' id='word_1_240' title='bbox 389 2118 487 2157; x_wconf 86' lang='lat' dir='ltr'>(Cap.</span> <span class='ocrx_word' id='word_1_241' title='bbox 511 2116 576 2155; x_wconf 86' lang='lat'>34.)</span> <span class='ocrx_word' id='word_1_242' title='bbox 619 2116 718 2155; x_wconf 88' lang='lat' dir='ltr'>Apud</span> <span class='ocrx_word' id='word_1_243' title='bbox 745 2116 880 2145; x_wconf 85' lang='lat' dir='ltr'>eundem</span> 
     </span>
     <span class='ocr_line' id='line_1_45' title="bbox 185 2165 880 2200; baseline -0.006 -2"><span class='ocrx_word' id='word_1_244' title='bbox 185 2169 400 2200; x_wconf 76' lang='lat' dir='ltr'>Gotthz&#39;corum</span> <span class='ocrx_word' id='word_1_245' title='bbox 422 2176 469 2197; x_wconf 88' lang='lat' dir='ltr'>lv.</span> <span class='ocrx_word' id='word_1_246' title='bbox 511 2166 750 2196; x_wconf 83' lang='lat' dir='ltr'>Theudibaldus</span> <span class='ocrx_word' id='word_1_247' title='bbox 767 2165 880 2194; x_wconf 84' lang='lat' dir='ltr'>Franc.</span> 
     </span>
     <span class='ocr_line' id='line_1_46' title="bbox 181 2213 880 2255; baseline -0.009 -8"><span class='ocrx_word' id='word_1_248' title='bbox 181 2227 238 2247; x_wconf 84' lang='lat' dir='ltr'>rex</span> <span class='ocrx_word' id='word_1_249' title='bbox 256 2220 402 2255; x_wconf 83' lang='lat' dir='ltr'>paratum</span> <span class='ocrx_word' id='word_1_250' title='bbox 423 2225 456 2245; x_wconf 84' lang='lat' dir='ltr'>se</span> <span class='ocrx_word' id='word_1_251' title='bbox 476 2215 624 2250; x_wconf 83' lang='lat' dir='ltr'>ostendit,</span> <span class='ocrx_word' id='word_1_252' title='bbox 640 2214 779 2252; x_wconf 81' lang='lat' dir='ltr'>judicem</span> <span class='ocrx_word' id='word_1_253' title='bbox 799 2213 880 2242; x_wconf 87' lang='lat' dir='ltr'>acci-</span> 
     </span>
     <span class='ocr_line' id='line_1_47' title="bbox 183 2262 881 2305; baseline -0.009 -9"><span class='ocrx_word' id='word_1_254' title='bbox 183 2276 258 2305; x_wconf 86' lang='lat' dir='ltr'>pere</span> <span class='ocrx_word' id='word_1_255' title='bbox 280 2267 318 2295; x_wconf 89' lang='lat' dir='ltr'>de</span> <span class='ocrx_word' id='word_1_256' title='bbox 339 2266 386 2302; x_wconf 89' lang='lat' dir='ltr'>iis,</span> <span class='ocrx_word' id='word_1_257' title='bbox 407 2274 477 2303; x_wconf 84' lang='lat' dir='ltr'>quae</span> <span class='ocrx_word' id='word_1_258' title='bbox 502 2263 638 2293; x_wconf 83' lang='lat' dir='ltr'>Romani</span> <span class='ocrx_word' id='word_1_259' title='bbox 666 2262 881 2300; x_wconf 79' lang='lat' dir='ltr'>disputabant.</span> 
     </span>
     <span class='ocr_line' id='line_1_48' title="bbox 183 2311 883 2354; baseline -0.01 -8"><span class='ocrx_word' id='word_1_260' title='bbox 183 2317 277 2354; x_wconf 87' lang='lat' dir='ltr'>(Cap.</span> <span class='ocrx_word' id='word_1_261' title='bbox 295 2315 358 2352; x_wconf 84' lang='lat'>24.)</span> <span class='ocrx_word' id='word_1_262' title='bbox 400 2315 482 2344; x_wconf 85' lang='lat' dir='ltr'>Vide</span> <span class='ocrx_word' id='word_1_263' title='bbox 504 2317 536 2342; x_wconf 88' lang='lat' dir='ltr'>et</span> <span class='ocrx_word' id='word_1_264' title='bbox 551 2313 627 2351; x_wconf 89' lang='lat' dir='ltr'>quid</span> <span class='ocrx_word' id='word_1_265' title='bbox 650 2312 724 2341; x_wconf 85' lang='lat' dir='ltr'>olim</span> <span class='ocrx_word' id='word_1_266' title='bbox 747 2311 883 2340; x_wconf 86' lang='lat' dir='ltr'>Romani</span> 
     </span>
     <span class='ocr_line' id='line_1_49' title="bbox 183 2361 883 2403; baseline -0.007 -9"><span class='ocrx_word' id='word_1_267' title='bbox 183 2365 334 2403; x_wconf 85' lang='lat' dir='ltr'>Philippo</span> <span class='ocrx_word' id='word_1_268' title='bbox 351 2362 598 2402; x_wconf 81' lang='lat' dir='ltr'>significaverint</span> <span class='ocrx_word' id='word_1_269' title='bbox 616 2361 702 2400; x_wconf 82' lang='lat' dir='ltr'>apud</span> <span class='ocrx_word' id='word_1_270' title='bbox 717 2361 883 2399; x_wconf 65' lang='lat' dir='ltr'>Polybium</span> 
     </span>
     <span class='ocr_line' id='line_1_50' title="bbox 185 2411 885 2452; baseline -0.007 -8"><span class='ocrx_word' id='word_1_271' title='bbox 185 2418 335 2452; x_wconf 84' lang='lat' dir='ltr'>excerpto</span> <span class='ocrx_word' id='word_1_272' title='bbox 355 2413 551 2451; x_wconf 85' lang='lat' dir='ltr'>legationum</span> <span class='ocrx_word' id='word_1_273' title='bbox 575 2421 605 2441; x_wconf 89' lang='lat' dir='ltr'>n.</span> <span class='ocrx_word' id='word_1_274' title='bbox 620 2413 651 2442; x_wconf 86' lang='lat'>4.</span> <span class='ocrx_word' id='word_1_275' title='bbox 672 2414 704 2440; x_wconf 91' lang='lat' dir='ltr'>et</span> <span class='ocrx_word' id='word_1_276' title='bbox 728 2411 814 2449; x_wconf 89' lang='lat' dir='ltr'>quod</span> <span class='ocrx_word' id='word_1_277' title='bbox 836 2413 885 2440; x_wconf 82' lang='lat' dir='ltr'>est</span> 
     </span>
    </p>
   </div>
   <div class='ocr_carea' id='block_1_27' title="bbox 942 1619 1642 1707">
    <p class='ocr_par' dir='ltr' id='par_1_28' title="bbox 942 1619 1642 1707">
     <span class='ocr_line' id='line_1_51' title="bbox 942 1619 1642 1658; baseline -0.003 -9"><span class='ocrx_word' id='word_1_278' title='bbox 942 1620 975 1648; x_wconf 89' lang='lat' dir='ltr'>in</span> <span class='ocrx_word' id='word_1_279' title='bbox 999 1620 1107 1649; x_wconf 86' lang='lat' dir='ltr'>federe</span> <span class='ocrx_word' id='word_1_280' title='bbox 1130 1620 1283 1649; x_wconf 86' lang='lat' dir='ltr'>Antiochi</span> <span class='ocrx_word' id='word_1_281' title='bbox 1305 1629 1344 1648; x_wconf 82' lang='lat' dir='ltr'>ex</span> <span class='ocrx_word' id='word_1_282' title='bbox 1371 1619 1482 1648; x_wconf 89' lang='lat' dir='ltr'>eodem</span> <span class='ocrx_word' id='word_1_283' title='bbox 1509 1619 1642 1658; x_wconf 84' lang='lat' dir='ltr'>Polybio</span> 
     </span>
     <span class='ocr_line' id='line_1_52' title="bbox 942 1668 1642 1707; baseline -0.001 -10"><span class='ocrx_word' id='word_1_284' title='bbox 942 1669 1052 1698; x_wconf 87' lang='lat' dir='ltr'>itidem</span> <span class='ocrx_word' id='word_1_285' title='bbox 1066 1669 1098 1697; x_wconf 89' lang='lat' dir='ltr'>in</span> <span class='ocrx_word' id='word_1_286' title='bbox 1114 1669 1271 1706; x_wconf 74' lang='lat' dir='ltr'>excerptis</span> <span class='ocrx_word' id='word_1_287' title='bbox 1286 1678 1316 1697; x_wconf 90' lang='lat' dir='ltr'>n.</span> <span class='ocrx_word' id='word_1_288' title='bbox 1333 1670 1381 1698; x_wconf 85' lang='lat'>35.</span> <span class='ocrx_word' id='word_1_289' title='bbox 1423 1669 1493 1697; x_wconf 86' lang='lat' dir='ltr'>Rex</span> <span class='ocrx_word' id='word_1_290' title='bbox 1515 1668 1642 1707; x_wconf 85' lang='lat' dir='ltr'>Angliae</span> 
     </span>
    </p>
   </div>
   <div class='ocr_carea' id='block_1_28' title="bbox 938 1718 1643 1757">
    <p class='ocr_par' dir='ltr' id='par_1_29' title="bbox 938 1718 1643 1757">
     <span class='ocr_line' id='line_1_53' title="bbox 938 1718 1643 1757; baseline -0.001 -10"><span class='ocrx_word' id='word_1_291' title='bbox 938 1719 1038 1757; x_wconf 85' lang='lat' dir='ltr'>judex</span> <span class='ocrx_word' id='word_1_292' title='bbox 1067 1719 1105 1748; x_wconf 91' lang='lat' dir='ltr'>de</span> <span class='ocrx_word' id='word_1_293' title='bbox 1135 1719 1248 1748; x_wconf 67' lang='lat' dir='ltr'>Scotizn</span> <span class='ocrx_word' id='word_1_294' title='bbox 1277 1718 1492 1749; x_wconf 85' lang='lat' dir='ltr'>successione:</span> <span class='ocrx_word' id='word_1_295' title='bbox 1528 1718 1643 1747; x_wconf 80' lang='lat' dir='ltr'>Comes</span> 
     </span>
    </p>
   </div>
   <div class='ocr_carea' id='block_1_29' title="bbox 943 1767 1646 2301">
    <p class='ocr_par' dir='ltr' id='par_1_30' title="bbox 943 1767 1646 2301">
     <span class='ocr_line' id='line_1_54' title="bbox 944 1767 1643 1805; baseline -0.003 -9"><span class='ocrx_word' id='word_1_296' title='bbox 944 1768 1096 1797; x_wconf 86' lang='lat' dir='ltr'>Holsatus</span> <span class='ocrx_word' id='word_1_297' title='bbox 1110 1768 1193 1796; x_wconf 88' lang='lat' dir='ltr'>inter</span> <span class='ocrx_word' id='word_1_298' title='bbox 1207 1777 1316 1805; x_wconf 87' lang='lat' dir='ltr'>regem</span> <span class='ocrx_word' id='word_1_299' title='bbox 1332 1767 1445 1796; x_wconf 85' lang='lat' dir='ltr'>Daniae</span> <span class='ocrx_word' id='word_1_300' title='bbox 1465 1770 1498 1795; x_wconf 87' lang='lat' dir='ltr'>et</span> <span class='ocrx_word' id='word_1_301' title='bbox 1517 1767 1643 1801; x_wconf 86' lang='lat' dir='ltr'>fratres,</span> 
     </span>
     <span class='ocr_line' id='line_1_55' title="bbox 943 1815 1644 1851; baseline -0.004 -5"><span class='ocrx_word' id='word_1_302' title='bbox 943 1818 1089 1846; x_wconf 82' lang='lat' dir='ltr'>Pontano</span> <span class='ocrx_word' id='word_1_303' title='bbox 1114 1819 1312 1845; x_wconf 86' lang='lat' dir='ltr'>memorante</span> <span class='ocrx_word' id='word_1_304' title='bbox 1333 1815 1486 1845; x_wconf 74' lang='lat' dir='ltr'>Historiae</span> <span class='ocrx_word' id='word_1_305' title='bbox 1500 1815 1644 1851; x_wconf 70' lang='lat' dir='ltr'>Darzicae,</span> 
     </span>
     <span class='ocr_line' id='line_1_56' title="bbox 943 1865 1644 1903; baseline -0.004 -7"><span class='ocrx_word' id='word_1_306' title='bbox 943 1867 1025 1896; x_wconf 90' lang='lat' dir='ltr'>libro</span> <span class='ocrx_word' id='word_1_307' title='bbox 1040 1875 1101 1896; x_wconf 78' lang='lat' dir='ltr'>vn.</span> <span class='ocrx_word' id='word_1_308' title='bbox 1142 1866 1236 1895; x_wconf 86' lang='lat' dir='ltr'>Adde</span> <span class='ocrx_word' id='word_1_309' title='bbox 1257 1866 1403 1903; x_wconf 81' lang='lat' dir='ltr'>exempla</span> <span class='ocrx_word' id='word_1_310' title='bbox 1425 1865 1510 1903; x_wconf 87' lang='lat' dir='ltr'>apud</span> <span class='ocrx_word' id='word_1_311' title='bbox 1526 1865 1644 1893; x_wconf 81' lang='lat' dir='ltr'>Maria-</span> 
     </span>
     <span class='ocr_line' id='line_1_57' title="bbox 945 1916 1644 1954; baseline 0 -10"><span class='ocrx_word' id='word_1_312' title='bbox 945 1926 1016 1945; x_wconf 88' lang='lat' dir='ltr'>nam</span> <span class='ocrx_word' id='word_1_313' title='bbox 1031 1916 1112 1945; x_wconf 86' lang='lat' dir='ltr'>libro</span> <span class='ocrx_word' id='word_1_314' title='bbox 1128 1925 1229 1945; x_wconf 76' lang='lat' dir='ltr'>XXIV.</span> <span class='ocrx_word' id='word_1_315' title='bbox 1245 1925 1312 1954; x_wconf 87' lang='lat' dir='ltr'>cap.</span> <span class='ocrx_word' id='word_1_316' title='bbox 1325 1918 1372 1945; x_wconf 84' lang='lat'>20.</span> <span class='ocrx_word' id='word_1_317' title='bbox 1394 1924 1496 1944; x_wconf 71' lang='lat' dir='ltr'>XXIX.</span> <span class='ocrx_word' id='word_1_318' title='bbox 1513 1925 1582 1953; x_wconf 84' lang='lat' dir='ltr'>cap.</span> <span class='ocrx_word' id='word_1_319' title='bbox 1594 1917 1644 1945; x_wconf 81' lang='lat'>23.</span> 
     </span>
     <span class='ocr_line' id='line_1_58' title="bbox 945 1965 1642 1995; baseline 0 -1"><span class='ocrx_word' id='word_1_320' title='bbox 945 1966 1095 1995; x_wconf 87' lang='lat' dir='ltr'>Parutam</span> <span class='ocrx_word' id='word_1_321' title='bbox 1123 1966 1212 1994; x_wconf 90' lang='lat' dir='ltr'>libris</span> <span class='ocrx_word' id='word_1_322' title='bbox 1241 1974 1303 1994; x_wconf 82' lang='lat' dir='ltr'>vu.</span> <span class='ocrx_word' id='word_1_323' title='bbox 1333 1968 1365 1994; x_wconf 88' lang='lat' dir='ltr'>et</span> <span class='ocrx_word' id='word_1_324' title='bbox 1393 1973 1444 1995; x_wconf 71' lang='lat' dir='ltr'>m.</span> <span class='ocrx_word' id='word_1_325' title='bbox 1496 1965 1642 1994; x_wconf 83' lang='lat' dir='ltr'>Bizarum</span> 
     </span>
     <span class='ocr_line' id='line_1_59' title="bbox 943 2015 1643 2045; baseline -0.001 -1"><span class='ocrx_word' id='word_1_326' title='bbox 943 2015 1025 2044; x_wconf 76' lang='lat' dir='ltr'>llbro</span> <span class='ocrx_word' id='word_1_327' title='bbox 1041 2024 1104 2045; x_wconf 76' lang='lat' dir='ltr'>XII.</span> <span class='ocrx_word' id='word_1_328' title='bbox 1147 2015 1330 2044; x_wconf 89' lang='lat' dir='ltr'>Crantzium</span> <span class='ocrx_word' id='word_1_329' title='bbox 1349 2015 1430 2043; x_wconf 86' lang='lat' dir='ltr'>libro</span> <span class='ocrx_word' id='word_1_330' title='bbox 1448 2024 1493 2044; x_wconf 83' lang='lat' dir='ltr'>vr.</span> <span class='ocrx_word' id='word_1_331' title='bbox 1538 2015 1643 2044; x_wconf 68' lang='lat' dir='ltr'>Saxo-</span> 
     </span>
     <span class='ocr_line' id='line_1_60' title="bbox 944 2064 1644 2094; baseline 0 0"><span class='ocrx_word' id='word_1_332' title='bbox 944 2066 1084 2094; x_wconf 78' lang='lat' dir='ltr'>nieorum</span> <span class='ocrx_word' id='word_1_333' title='bbox 1106 2075 1132 2094; x_wconf 94' lang='lat' dir='ltr'>c.</span> <span class='ocrx_word' id='word_1_334' title='bbox 1149 2066 1196 2094; x_wconf 86' lang='lat'>15.</span> <span class='ocrx_word' id='word_1_335' title='bbox 1219 2068 1251 2094; x_wconf 86' lang='lat' dir='ltr'>et</span> <span class='ocrx_word' id='word_1_336' title='bbox 1270 2067 1379 2093; x_wconf 89' lang='lat' dir='ltr'>nostra</span> <span class='ocrx_word' id='word_1_337' title='bbox 1396 2065 1478 2093; x_wconf 87' lang='lat' dir='ltr'>infra</span> <span class='ocrx_word' id='word_1_338' title='bbox 1494 2064 1575 2093; x_wconf 87' lang='lat' dir='ltr'>libro</span> <span class='ocrx_word' id='word_1_339' title='bbox 1592 2073 1644 2094; x_wconf 86' lang='lat'>111.</span> 
     </span>
     <span class='ocr_line' id='line_1_61' title="bbox 946 2114 1646 2153; baseline -0.003 -9"><span class='ocrx_word' id='word_1_340' title='bbox 946 2125 1014 2153; x_wconf 89' lang='lat' dir='ltr'>cap.</span> <span class='ocrx_word' id='word_1_341' title='bbox 1029 2125 1081 2144; x_wconf 80' lang='lat' dir='ltr'>xx.</span> <span class='ocrx_word' id='word_1_342' title='bbox 1107 2115 1124 2153; x_wconf 69' lang='grc' dir='ltr'>ἓ</span> <span class='ocrx_word' id='word_1_343' title='bbox 1140 2115 1188 2145; x_wconf 85' lang='grc'>46.</span> <span class='ocrx_word' id='word_1_344' title='bbox 1232 2114 1343 2153; x_wconf 84' lang='lat' dir='ltr'>[Quod</span> <span class='ocrx_word' id='word_1_345' title='bbox 1363 2115 1401 2143; x_wconf 90' lang='lat' dir='ltr'>de</span> <span class='ocrx_word' id='word_1_346' title='bbox 1417 2114 1526 2143; x_wconf 79' lang='lat' dir='ltr'>Marco</span> <span class='ocrx_word' id='word_1_347' title='bbox 1540 2115 1646 2143; x_wconf 82' lang='lat' dir='ltr'>Anto-</span> 
     </span>
     <span class='ocr_line' id='line_1_62' title="bbox 946 2164 1646 2202; baseline 0.003 -10"><span class='ocrx_word' id='word_1_348' title='bbox 946 2165 1021 2193; x_wconf 89' lang='lat' dir='ltr'>nino</span> <span class='ocrx_word' id='word_1_349' title='bbox 1045 2165 1122 2193; x_wconf 89' lang='lat' dir='ltr'>dicit</span> <span class='ocrx_word' id='word_1_350' title='bbox 1145 2165 1278 2201; x_wconf 87' lang='lat' dir='ltr'>Auctor,</span> <span class='ocrx_word' id='word_1_351' title='bbox 1303 2165 1406 2194; x_wconf 87' lang='lat' dir='ltr'>necin</span> <span class='ocrx_word' id='word_1_352' title='bbox 1426 2164 1474 2200; x_wconf 86' lang='lat' dir='ltr'>iis,</span> <span class='ocrx_word' id='word_1_353' title='bbox 1497 2173 1567 2202; x_wconf 89' lang='lat' dir='ltr'>quae</span> <span class='ocrx_word' id='word_1_354' title='bbox 1589 2173 1646 2194; x_wconf 91' lang='lat' dir='ltr'>no-</span> 
     </span>
     <span class='ocr_line' id='line_1_63' title="bbox 947 2214 1646 2249; baseline 0 -7"><span class='ocrx_word' id='word_1_355' title='bbox 947 2214 1030 2243; x_wconf 86' lang='lat' dir='ltr'>mine</span> <span class='ocrx_word' id='word_1_356' title='bbox 1056 2214 1180 2243; x_wconf 86' lang='lat' dir='ltr'>Aurelii</span> <span class='ocrx_word' id='word_1_357' title='bbox 1207 2214 1347 2243; x_wconf 89' lang='lat' dir='ltr'>Victoris</span> <span class='ocrx_word' id='word_1_358' title='bbox 1373 2214 1646 2249; x_wconf 88' lang='lat' dir='ltr'>circumferentur,</span> 
     </span>
     <span class='ocr_line' id='line_1_64' title="bbox 947 2263 1646 2301; baseline 0 -9"><span class='ocrx_word' id='word_1_359' title='bbox 947 2263 1081 2301; x_wconf 85' lang='lat' dir='ltr'>reperio,</span> <span class='ocrx_word' id='word_1_360' title='bbox 1104 2272 1162 2292; x_wconf 87' lang='lat' dir='ltr'>nec</span> <span class='ocrx_word' id='word_1_361' title='bbox 1185 2263 1271 2292; x_wconf 87' lang='lat' dir='ltr'>alibi.</span> <span class='ocrx_word' id='word_1_362' title='bbox 1317 2263 1413 2292; x_wconf 87' lang='lat' dir='ltr'>Certe</span> <span class='ocrx_word' id='word_1_363' title='bbox 1438 2263 1469 2291; x_wconf 89' lang='lat' dir='ltr'>in</span> <span class='ocrx_word' id='word_1_364' title='bbox 1498 2263 1646 2300; x_wconf 80' lang='lat' dir='ltr'>Epitome</span> 
     </span>
    </p>
   </div>
   <div class='ocr_carea' id='block_1_30' title="bbox 947 2311 1646 2399">
    <p class='ocr_par' dir='ltr' id='par_1_31' title="bbox 947 2311 1646 2399">
     <span class='ocr_line' id='line_1_65' title="bbox 947 2311 1646 2342; baseline 0.001 -2"><span class='ocrx_word' id='word_1_365' title='bbox 947 2311 1087 2341; x_wconf 72' lang='lat' dir='ltr'>Victoris</span> <span class='ocrx_word' id='word_1_366' title='bbox 1114 2313 1146 2341; x_wconf 93' lang='lat' dir='ltr'>id</span> <span class='ocrx_word' id='word_1_367' title='bbox 1175 2312 1290 2342; x_wconf 88' lang='lat' dir='ltr'>dieitur</span> <span class='ocrx_word' id='word_1_368' title='bbox 1317 2313 1356 2341; x_wconf 91' lang='lat' dir='ltr'>de</span> <span class='ocrx_word' id='word_1_369' title='bbox 1384 2311 1548 2341; x_wconf 87' lang='lat' dir='ltr'>Antonino</span> <span class='ocrx_word' id='word_1_370' title='bbox 1577 2311 1646 2341; x_wconf 88' lang='lat' dir='ltr'>Pio.</span> 
     </span>
     <span class='ocr_line' id='line_1_66' title="bbox 948 2360 1058 2399; baseline 0 -9"><span class='ocrx_word' id='word_1_371' title='bbox 948 2361 984 2390; x_wconf 88' lang='lat' dir='ltr'>J.</span> <span class='ocrx_word' id='word_1_372' title='bbox 998 2360 1058 2399; x_wconf 90' lang='lat' dir='ltr'>B.]</span> 
     </span>
    </p>
   </div>
   <div class='ocr_carea' id='block_1_31' title="bbox 608 2493 1232 2501">
    <p class='ocr_par' dir='ltr' id='par_1_32' title="bbox 608 2493 1232 2501">
     <span class='ocr_line' id='line_1_67' title="bbox 608 2493 1232 2501; baseline 0 0"><span class='ocrx_word' id='word_1_373' title='bbox 608 2493 1232 2501; x_wconf 95' lang='lat' dir='ltr'> </span> 
     </span>
    </p>
   </div>
   <div class='ocr_carea' id='block_1_32' title="bbox 187 2563 1650 2612">
    <p class='ocr_par' dir='ltr' id='par_1_33' title="bbox 187 2563 1650 2612">
     <span class='ocr_line' id='line_1_68' title="bbox 187 2563 1650 2612; baseline -0.003 -10"><span class='ocrx_word' id='word_1_374' title='bbox 187 2568 263 2602; x_wconf 77' lang='lat' dir='ltr'>and</span> <span class='ocrx_word' id='word_1_375' title='bbox 285 2567 415 2602; x_wconf 76' lang='lat' dir='ltr'>betakes</span> <span class='ocrx_word' id='word_1_376' title='bbox 436 2566 582 2612; x_wconf 60' lang='lat' dir='ltr'>himself</span> <span class='ocrx_word' id='word_1_377' title='bbox 602 2573 635 2601; x_wconf 79' lang='lat' dir='ltr'>to</span> <span class='ocrx_word' id='word_1_378' title='bbox 660 2579 740 2601; x_wconf 79' lang='lat' dir='ltr'>war</span> <span class='ocrx_word' id='word_1_379' title='bbox 760 2567 843 2611; x_wconf 71' lang='lat' dir='ltr'>only</span> <span class='ocrx_word' id='word_1_380' title='bbox 862 2567 961 2600; x_wconf 79' lang='lat' dir='ltr'>when</span> <span class='ocrx_word' id='word_1_381' title='bbox 981 2567 1019 2600; x_wconf 78' lang='lat' dir='ltr'>he</span> <span class='ocrx_word' id='word_1_382' title='bbox 1040 2571 1169 2600; x_wconf 73' lang='lat' dir='ltr'>cannot</span> <span class='ocrx_word' id='word_1_383' title='bbox 1193 2571 1248 2611; x_wconf 75' lang='lat' dir='ltr'>yet</span> <span class='ocrx_word' id='word_1_384' title='bbox 1272 2565 1357 2605; x_wconf 73' lang='lat' dir='ltr'>that,</span> <span class='ocrx_word' id='word_1_385' title='bbox 1378 2564 1430 2598; x_wconf 77' lang='lat' dir='ltr'>all</span> <span class='ocrx_word' id='word_1_386' title='bbox 1449 2563 1554 2597; x_wconf 74' lang='lat' dir='ltr'>allow</span> <span class='ocrx_word' id='word_1_387' title='bbox 1575 2563 1650 2598; x_wconf 77' lang='lat' dir='ltr'>that</span> 
     </span>
    </p>
   </div>
   <div class='ocr_carea' id='block_1_33' title="bbox 187 2625 366 2671">
    <p class='ocr_par' dir='ltr' id='par_1_34' title="bbox 187 2625 366 2671">
     <span class='ocr_line' id='line_1_69' title="bbox 187 2625 366 2671; baseline -0.006 -12"><span class='ocrx_word' id='word_1_388' title='bbox 187 2625 215 2659; x_wconf 73' lang='lat' dir='ltr'>it</span> <span class='ocrx_word' id='word_1_389' title='bbox 239 2625 269 2659; x_wconf 82' lang='lat' dir='ltr'>is</span> <span class='ocrx_word' id='word_1_390' title='bbox 279 2626 366 2671; x_wconf 75' lang='lat' dir='ltr'>just.</span> 
     </span>
    </p>
   </div>
   <div class='ocr_carea' id='block_1_34' title="bbox 191 2736 871 2782">
    <p class='ocr_par' dir='ltr' id='par_1_35' title="bbox 191 2736 871 2782">
     <span class='ocr_line' id='line_1_70' title="bbox 191 2736 871 2782; baseline -0.004 -9"><span class='ocrx_word' id='word_1_391' title='bbox 191 2738 360 2773; x_wconf 86' lang='lat' dir='ltr'>Tacitus:</span> <span class='ocrx_word' id='word_1_392' title='bbox 388 2737 461 2771; x_wconf 85' lang='lat' dir='ltr'>and</span> <span class='ocrx_word' id='word_1_393' title='bbox 482 2748 522 2772; x_wconf 85' lang='lat' dir='ltr'>so</span> <span class='ocrx_word' id='word_1_394' title='bbox 542 2737 631 2782; x_wconf 85' lang='lat' dir='ltr'>king</span> <span class='ocrx_word' id='word_1_395' title='bbox 652 2736 871 2771; x_wconf 88' lang='lat' dir='ltr'>Theodoric.</span> 
     </span>
    </p>
   </div>
   <div class='ocr_carea' id='block_1_35' title="bbox 189 2621 1651 2726">
    <p class='ocr_par' dir='ltr' id='par_1_36' title="bbox 189 2621 1651 2726">
     <span class='ocr_line' id='line_1_71' title="bbox 420 2621 1651 2668; baseline -0.003 -11"><span class='ocrx_word' id='word_1_396' title='bbox 420 2624 505 2658; x_wconf 85' lang='lat' dir='ltr'>And</span> <span class='ocrx_word' id='word_1_397' title='bbox 529 2624 567 2657; x_wconf 90' lang='lat' dir='ltr'>in</span> <span class='ocrx_word' id='word_1_398' title='bbox 588 2623 653 2658; x_wconf 89' lang='lat' dir='ltr'>the</span> <span class='ocrx_word' id='word_1_399' title='bbox 679 2634 780 2658; x_wconf 85' lang='lat' dir='ltr'>same</span> <span class='ocrx_word' id='word_1_400' title='bbox 808 2623 943 2664; x_wconf 86' lang='lat' dir='ltr'>writer,</span> <span class='ocrx_word' id='word_1_401' title='bbox 968 2623 1098 2657; x_wconf 88' lang='lat' dir='ltr'>Tullus</span> <span class='ocrx_word' id='word_1_402' title='bbox 1119 2633 1214 2668; x_wconf 75' lang='lat' dir='ltr'>says,</span> <span class='ocrx_word' id='word_1_403' title='bbox 1237 2622 1320 2656; x_wconf 86' lang='lat' dir='ltr'>that</span> <span class='ocrx_word' id='word_1_404' title='bbox 1339 2622 1433 2655; x_wconf 75' lang='lat' dir='ltr'>what</span> <span class='ocrx_word' id='word_1_405' title='bbox 1455 2627 1584 2655; x_wconf 73' lang='lat' dir='ltr'>cannot</span> <span class='ocrx_word' id='word_1_406' title='bbox 1615 2621 1651 2654; x_wconf 77' lang='lat' dir='ltr'>be</span> 
     </span>
     <span class='ocr_line' id='line_1_72' title="bbox 189 2680 1160 2726; baseline -0.004 -10"><span class='ocrx_word' id='word_1_407' title='bbox 189 2682 310 2717; x_wconf 78' lang='lat' dir='ltr'>settled</span> <span class='ocrx_word' id='word_1_408' title='bbox 337 2682 380 2726; x_wconf 73' lang='lat' dir='ltr'>by</span> <span class='ocrx_word' id='word_1_409' title='bbox 408 2681 599 2715; x_wconf 75' lang='lat' dir='ltr'>discussion</span> <span class='ocrx_word' id='word_1_410' title='bbox 626 2686 719 2714; x_wconf 77' lang='lat' dir='ltr'>must</span> <span class='ocrx_word' id='word_1_411' title='bbox 747 2681 784 2714; x_wconf 80' lang='lat' dir='ltr'>bc</span> <span class='ocrx_word' id='word_1_412' title='bbox 810 2680 949 2714; x_wconf 73' lang='lat' dir='ltr'>deciclecl</span> <span class='ocrx_word' id='word_1_413' title='bbox 978 2680 1020 2724; x_wconf 69' lang='lat' dir='ltr'>by</span> <span class='ocrx_word' id='word_1_414' title='bbox 1051 2691 1160 2713; x_wconf 81' lang='lat' dir='ltr'>arms.</span> 
     </span>
    </p>
   </div>
   <div class='ocr_carea' id='block_1_36' title="bbox 1215 2677 1651 2722">
    <p class='ocr_par' dir='ltr' id='par_1_37' title="bbox 1215 2677 1651 2722">
     <span class='ocr_line' id='line_1_73' title="bbox 1215 2677 1651 2722; baseline -0.007 -9"><span class='ocrx_word' id='word_1_415' title='bbox 1215 2679 1265 2713; x_wconf 85' lang='lat' dir='ltr'>So</span> <span class='ocrx_word' id='word_1_416' title='bbox 1296 2677 1362 2713; x_wconf 88' lang='lat' dir='ltr'>the</span> <span class='ocrx_word' id='word_1_417' title='bbox 1384 2677 1585 2722; x_wconf 85' lang='lat' dir='ltr'>Vologeses</span> <span class='ocrx_word' id='word_1_418' title='bbox 1611 2677 1651 2710; x_wconf 88' lang='lat' dir='ltr'>in</span> 
     </span>
    </p>
   </div>
   <div class='ocr_carea' id='block_1_37' title="bbox 261 2790 1651 2839">
    <p class='ocr_par' dir='ltr' id='par_1_38' title="bbox 261 2790 1651 2839">
     <span class='ocr_line' id='line_1_74' title="bbox 261 2790 1651 2839; baseline -0.002 -11"><span class='ocrx_word' id='word_1_419' title='bbox 261 2794 366 2829; x_wconf 91' lang='lat' dir='ltr'>VIII.</span> <span class='ocrx_word' id='word_1_420' title='bbox 402 2798 419 2828; x_wconf 92' lang='lat'>1</span> <span class='ocrx_word' id='word_1_421' title='bbox 436 2794 602 2829; x_wconf 84' lang='lat' dir='ltr'>Another</span> <span class='ocrx_word' id='word_1_422' title='bbox 613 2805 690 2839; x_wconf 85' lang='lat' dir='ltr'>way</span> <span class='ocrx_word' id='word_1_423' title='bbox 703 2794 732 2828; x_wconf 88' lang='lat' dir='ltr'>is</span> <span class='ocrx_word' id='word_1_424' title='bbox 747 2792 1013 2838; x_wconf 85' lang='lat' dir='ltr'>Compromise,</span> <span class='ocrx_word' id='word_1_425' title='bbox 1025 2803 1067 2827; x_wconf 89' lang='lat' dir='ltr'>or</span> <span class='ocrx_word' id='word_1_426' title='bbox 1077 2791 1319 2832; x_wconf 86' lang='lat' dir='ltr'>Arbitration,</span> <span class='ocrx_word' id='word_1_427' title='bbox 1332 2790 1500 2826; x_wconf 77' lang='lat' dir='ltr'>between</span> <span class='ocrx_word' id='word_1_428' title='bbox 1513 2791 1651 2836; x_wconf 84' lang='lat' dir='ltr'>parties</span> 
     </span>
    </p>
   </div>
   <div class='ocr_carea' id='block_1_38' title="bbox 187 2848 1652 2954">
    <p class='ocr_par' dir='ltr' id='par_1_39' title="bbox 187 2848 1652 2954">
     <span class='ocr_line' id='line_1_75' title="bbox 189 2848 1652 2895; baseline -0.003 -10"><span class='ocrx_word' id='word_1_429' title='bbox 189 2851 271 2886; x_wconf 78' lang='lat' dir='ltr'>who</span> <span class='ocrx_word' id='word_1_430' title='bbox 292 2851 385 2886; x_wconf 83' lang='lat' dir='ltr'>have</span> <span class='ocrx_word' id='word_1_431' title='bbox 402 2862 450 2885; x_wconf 91' lang='lat' dir='ltr'>no</span> <span class='ocrx_word' id='word_1_432' title='bbox 471 2862 642 2885; x_wconf 89' lang='lat' dir='ltr'>common</span> <span class='ocrx_word' id='word_1_433' title='bbox 658 2850 783 2895; x_wconf 84' lang='lat' dir='ltr'>judge.</span> <span class='ocrx_word' id='word_1_434' title='bbox 823 2849 874 2884; x_wconf 90' lang='lat' dir='ltr'>As</span> <span class='ocrx_word' id='word_1_435' title='bbox 896 2849 1129 2895; x_wconf 84' lang='lat' dir='ltr'>Thucydides</span> <span class='ocrx_word' id='word_1_436' title='bbox 1147 2859 1240 2894; x_wconf 75' lang='lat' dir='ltr'>says,</span> <span class='ocrx_word' id='word_1_437' title='bbox 1256 2848 1292 2882; x_wconf 88' lang='lat' dir='ltr'>It</span> <span class='ocrx_word' id='word_1_438' title='bbox 1308 2849 1338 2882; x_wconf 92' lang='lat' dir='ltr'>is</span> <span class='ocrx_word' id='word_1_439' title='bbox 1354 2848 1494 2883; x_wconf 84' lang='lat' dir='ltr'>wicked</span> <span class='ocrx_word' id='word_1_440' title='bbox 1511 2852 1550 2882; x_wconf 88' lang='lat' dir='ltr'>to</span> <span class='ocrx_word' id='word_1_441' title='bbox 1567 2858 1652 2893; x_wconf 89' lang='lat' dir='ltr'>pro-</span> 
     </span>
     <span class='ocr_line' id='line_1_76' title="bbox 187 2904 1652 2954; baseline -0.003 -11"><span class='ocrx_word' id='word_1_442' title='bbox 187 2908 280 2953; x_wconf 48' lang='lat' dir='ltr'>,ceed</span> <span class='ocrx_word' id='word_1_443' title='bbox 297 2909 439 2954; x_wconf 80' lang='lat' dir='ltr'>against</span> <span class='ocrx_word' id='word_1_444' title='bbox 452 2907 530 2943; x_wconf 86' lang='lat' dir='ltr'>him</span> <span class='ocrx_word' id='word_1_445' title='bbox 542 2919 581 2943; x_wconf 86' lang='lat' dir='ltr'>as</span> <span class='ocrx_word' id='word_1_446' title='bbox 597 2919 620 2942; x_wconf 83' lang='lat' dir='ltr'>a</span> <span class='ocrx_word' id='word_1_447' title='bbox 637 2918 761 2953; x_wconf 82' lang='lat' dir='ltr'>wrong</span> <span class='ocrx_word' id='word_1_448' title='bbox 779 2906 878 2949; x_wconf 88' lang='lat' dir='ltr'>doer,</span> <span class='ocrx_word' id='word_1_449' title='bbox 898 2906 980 2941; x_wconf 88' lang='lat' dir='ltr'>who</span> <span class='ocrx_word' id='word_1_450' title='bbox 1000 2907 1030 2941; x_wconf 91' lang='lat' dir='ltr'>is</span> <span class='ocrx_word' id='word_1_451' title='bbox 1051 2906 1165 2952; x_wconf 83' lang='lat' dir='ltr'>ready</span> <span class='ocrx_word' id='word_1_452' title='bbox 1178 2910 1216 2940; x_wconf 91' lang='lat' dir='ltr'>to</span> <span class='ocrx_word' id='word_1_453' title='bbox 1234 2905 1334 2940; x_wconf 86' lang='lat' dir='ltr'>refer</span> <span class='ocrx_word' id='word_1_454' title='bbox 1350 2904 1414 2940; x_wconf 87' lang='lat' dir='ltr'>the</span> <span class='ocrx_word' id='word_1_455' title='bbox 1432 2905 1602 2950; x_wconf 85' lang='lat' dir='ltr'>question</span> <span class='ocrx_word' id='word_1_456' title='bbox 1613 2909 1652 2939; x_wconf 87' lang='lat' dir='ltr'>to</span> 
     </span>
    </p>
   </div>
   <div class='ocr_carea' id='block_1_39' title="bbox 1371 2961 1519 3001">
    <p class='ocr_par' dir='ltr' id='par_1_40' title="bbox 1371 2961 1519 3001">
     <span class='ocr_line' id='line_1_77' title="bbox 1371 2961 1519 3001; baseline -0.007 0"><span class='ocrx_word' id='word_1_457' title='bbox 1371 2961 1519 3001; x_wconf 70' lang='lat'>26--2</span> 
     </span>
    </p>
   </div>
  </div>
 </body>
</html>
