2018 3204
946 154 1014 188 DE
1046 151 1227 186 POENIS.
1654 146 1750 191 [Lm.
1766 146 1815 182 11.

354 151 437 190 258

353 266 518 307 ademta
552 264 698 306 ceteris
727 278 848 318 quam
884 266 1034 302 natura
1070 258 1298 301 indulserat
1330 257 1533 300 libertate.
1605 257 1819 301 Lucretius

357 332 468 386 (Lib.
495 347 532 374 v.
558 345 662 372 vers.
692 328 819 377 1147,
844 332 885 369 et
908 328 1070 382 seqq.):

522 410 653 444 Acrius
675 419 719 442 ex
739 407 795 441 ira
815 406 915 452 quod
936 405 1035 440 enim
1056 415 1095 439 se
1116 404 1270 450 quisque
1291 402 1449 449 parabat

522 466 671 506 Ulcisci,
692 475 803 510 quam
824 474 923 498 nune
944 473 1159 498 concessum
1180 465 1236 496 est
1253 461 1396 507 legibus
1417 460 1542 506 eequis,

522 523 630 557 Hane
651 522 698 557 ob
719 533 800 556 rem
819 524 875 556 est
895 520 1064 555 homines
1085 523 1283 566 pertaesum
1304 518 1339 553 vi
1360 518 1483 553 colere
1504 529 1634 554 aevum.

132 595 300 625 1³22g.730A.
352 589 650 631 Demosthenes
676 589 725 630 in
755 588 961 630 Cononem
979 601 992 627 .·
1028 581 1309 645 προεώραται
1341 581 1386 628 ἐν
1420 585 1513 631 τοῖς
1544 581 1682 637 νόμοις
1709 585 1814 628 εἶναι

351 652 522 699 τούτων
545 653 735 698 ἑκάστου
759 651 840 704 τήν
863 647 986 705 δίκην,
1016 649 1072 704 μή
1098 653 1157 714 τῇ
1185 653 1264 694 τοῦ
1291 647 1627 711 προστυχόντος
1659 647 1815 713 δὸρμῇ,

349 716 451 774 μηδὲ
480 718 696 776 βουλήσει
730 721 877 763 ταῦτα
912 718 1135 778 κρίνεσθαι·
1167 718 1340 772 placuit
1363 719 1414 759 de
1438 718 1632 759 omnibus
1655 719 1724 759 his
1749 718 1815 759 in-

339 788 477 843 juriis
500 790 573 830 Ceae
598 788 758 842 Zeqibus
777 787 999 840 judicium
1024 785 1222 833 eoeeroeri,
1258 798 1342 825 non
1374 792 1517 825 autem
1540 798 1591 825 etz·
1617 784 1817 839 cujusque

136 859 320 885 Delam-xiii·
349 856 510 910 impetu
545 862 672 908 atque
711 853 909 895 arbitrio.
973 849 1272 902 Quintilianus:
1309 850 1485 903 injuriae
1526 851 1816 904 compensatio

349 936 432 963 non
462 922 595 963 solmn
619 921 718 975 juri
740 920 938 968 inimica,
972 919 1046 960 sed
1060 917 1200 972 paci.-
1233 923 1294 958 est
1317 917 1429 958 enim
1453 917 1530 967 lex,
1553 917 1721 971 forum,
1745 915 1816 970 ju-

348 988 442 1036 dex,
475 989 564 1030 nisi
587 1002 708 1043 quem
722 986 828 1040 jure
851 985 1076 1027 vindicari
1093 983 1240 1038 pudet.
1306 982 1583 1037 Imperatores
1607 981 1816 1023 Honorius

348 1058 390 1095 et
424 1053 700 1095 Theodosius:
748 1052 914 1094 ideireo
941 1051 1218 1105 judiciorum
1263 1049 1385 1103 viyor
1409 1048 1611 1104 jurisque
1646 1048 1816 1102 publici

347 1120 483 1162 tutela
503 1121 550 1161 in
570 1120 707 1162 medio
732 1119 980 1166 constituta,
1011 1131 1062 1158 ne
1087 1117 1320 1172 quisquam
1348 1115 1434 1157 sibi
1456 1116 1545 1170 ipsi
1564 1115 1816 1170 permittere

133 1064 163 1087 L.
180 1064 237 1087 nul.
251 1063 286 1086 14.

132 1095 159 1117 C.
173 1095 205 1118 (Ic
217 1094 237 1118 J
241 1095 286 1118 ud.

1113 1233 1200 1261 Αὐτὸς
1221 1233 1324 1259 κακίων
1340 1231 1432 1266 μητέρ’
1449 1231 1556 1266 ἐγένετο
1574 1230 1689 1258 κτανών.

1113 1276 1269 1310 Ἐρήσομαι
1286 1278 1324 1308 δὲ,
1349 1277 1500 1307 Μενέλεως,
1518 1276 1633 1303 τοσόνδε
1652 1285 1697 1302 σε.

1118 1320 1152 1346 Εἰ
1170 1321 1240 1347 τόνδ’
1258 1321 1443 1348 ἀποκτείνειεν
1458 1320 1623 1353 ὁμόλεκτρος
1639 1318 1718 1352 γυνὴ,

406 1237 419 1256 ⁵
440 1237 501 1267 Est
528 1238 613 1276 apud
640 1237 921 1273 DEMOSTHENEM,
952 1235 1048 1274 ὀργῇ,

346 1288 420 1317 ira.-
443 1297 547 1326 neque
568 1296 677 1316 vocem
699 1290 822 1316 mutare
844 1295 971 1315 necesse
987 1288 1044 1314 est.

347 1336 382 1366 J.
397 1336 439 1366 B.

404 1403 418 1418 0
438 1397 493 1425 Ea:
512 1396 631 1435 Zeyilms
640 1395 798 1432 judicium
817 1395 965 1430 exerceri,
987 1403 1048 1423 non

347 1448 448 1475 autem
462 1455 498 1474 ex
514 1445 659 1482 cnjztsque
668 1444 780 1482 impetu
791 1448 884 1482 atque
898 1442 1047 1480 arbitrio]

346 1496 531 1535 Tyndareus
546 1495 694 1524 adversus
711 1495 858 1524 Orestem
878 1494 923 1523 sic
942 1493 1048 1522 decla-

346 1550 412 1576 mat
436 1547 468 1575 in
487 1545 648 1585 Euripidis
672 1545 779 1576 Oreste
800 1544 897 1585 (vers.
919 1545 988 1582 491,
1019 1547 1049 1574 et

346 1597 448 1636 seqq.)
461 1607 469 1627 ι

346 1671 422 1704 Πρὸς
442 1669 512 1697 τόνδ’
529 1668 602 1704 σῖγῶν
619 1680 660 1698 τις
677 1667 711 1696 ἂν
728 1668 830 1703 σοφίας
847 1667 910 1702 ἦκοι
927 1668 1004 1701 πέρι,·

346 1714 381 1740 Εἰ
398 1716 433 1741 τὰ
454 1715 527 1740 καλὰ.
546 1715 616 1740 πᾶσι
633 1715 740 1748 φανερὰ
757 1713 804 1740 καὶ
821 1714 856 1739 τὰ
872 1712 911 1746 μὴ
929 1714 1013 1744 καλὰ,

345 1761 449 1785 Τούτου
467 1759 507 1787 τίς
525 1759 628 1792 ἀνδρῶν
646 1759 743 1793 ἐγένετ’
763 1757 972 1791 ἀσυνετώτερος,

340 1803 439 1831 Ὅστις
455 1804 486 1829 τὸ
505 1804 556 1835 μὲν
573 1803 679 1829 δίκαιον
696 1803 746 1829 οὐκ
764 1802 912 1836 ἐσκέψατο,

1116 1366 1162 1391 Χῶ
1178 1367 1256 1392 τοῦδε
1273 1366 1337 1395 παῖς
1355 1365 1389 1392 αὖ
1407 1365 1499 1398 μητέρ’
1516 1363 1719 1394 ἀνταποκτενεῖ,

1118 1406 1232 1433 Κᾶπειθ’
1247 1407 1262 1433 ὁ
1280 1407 1372 1433 κείνου
1390 1408 1536 1441 γενόμενος
1550 1406 1636 1440 φόνον
1650 1406 1726 1438 φόνῳ

1117 1452 1214 1482 Δύο-ει,
1229 1451 1311 1484 πέρας
1328 1451 1360 1484 δὴ
1375 1450 1424 1477 ποῖ
1437 1451 1527 1476 κακῶν
1542 1449 1714 1483 προβήσεται
1718 1459 1729 1479 ,·

1117 1506 1189 1532 Huic
1200 1513 1243 1530 me
1252 1506 1331 1536 jubes
1343 1506 1444 1530 certare
1457 1505 1490 1529 de
1502 1504 1632 1535 sapientia
1643 1504 1654 1528 ?

1118 1548 1184 1578 Quae
1195 1547 1308 1577 pulchra
1319 1553 1433 1577 quaeque
1445 1546 1517 1570 foeda
1527 1546 1548 1570 si
1560 1545 1662 1570 cunctis
1673 1546 1775 1576 patent,

1118 1589 1174 1613 Isto
1185 1588 1293 1613 homine
1304 1588 1414 1613 tandem
1426 1588 1485 1618 quis
1495 1587 1546 1611 fuit
1557 1586 1714 1617 dementior,

1118 1631 1170 1660 Qui
1182 1638 1199 1654 n
1206 1638 1230 1654 :c
1240 1630 1313 1660 quod
1324 1636 1433 1660 aequum
1444 1631 1484 1654 est
1494 1630 1584 1653 mente
1595 1628 1708 1659 pervidit
1718 1633 1775 1657 sua,

1117 1671 1174 1696 Nec
1185 1672 1257 1702 quod
1268 1678 1316 1702 per
1327 1678 1434 1696 omnem
1447 1670 1579 1695 Graeciam
1589 1670 1659 1701 leges
1666 1669 1787 1701 jubent?

1117 1714 1242 1744 Namque
1253 1714 1299 1738 ubi
1308 1714 1475 1743 Agamemno
1486 1712 1610 1743 spiritum
1617 1711 1719 1737 efflarat
1726 1717 1808 1736 suum

1117 1756 1356 1780 Transverberatus
1367 1762 1383 1779 a
1394 1762 1455 1779 mea
1466 1757 1531 1779 nata
1543 1755 1633 1784 caput,

1117 1797 1205 1827 (Quod
1217 1800 1295 1827 turpe
1306 1797 1408 1821 facinus
1419 1796 1488 1821 absit
1499 1798 1530 1821 ut
1541 1796 1613 1820 dicto
1624 1794 1746 1826 probem)

1116 1838 1192 1862 Tune
1202 1838 1247 1862 ille
1258 1838 1307 1862 rite
1318 1838 1411 1862 debuit
1422 1840 1537 1862 matrem
1548 1844 1623 1862 ream

347 1847 411 1873 Οὐδ’
428 1846 509 1879 ἦλθεν
527 1847 572 1872 ἐπὶ
589 1848 637 1873 τὸν
654 1848 747 1872 κοινὸν
762 1846 905 1879 Ἑλλήνων
923 1846 1016 1878 νόμον.

1117 1879 1247 1909 Peragere
1259 1880 1337 1903 caedis
1348 1887 1362 1904 e
1373 1880 1429 1904 lare
1441 1880 1554 1910 ejectam
1565 1885 1622 1903 suo.

345 1890 424 1916 Ἐπεὶ
440 1890 492 1924 ’γάρ
512 1890 675 1922 ἐξέπνευσεν
691 1890 862 1923 Ἀγαμέμνων
877 1889 941 1921 βίον

346 1935 469 1968 Πληγεὶς
488 1935 620 1968 θυγατρὸς
637 1934 684 1966 τῆς
703 1933 768 1966 ἐμῆς
785 1933 852 1966 ὑπὲρ
865 1932 945 1966 κάρα,

345 1978 502 2012 Αἶσχιστον
520 1978 607 2011 ἔργον,
626 1977 658 2004 οὐ
678 1979 730 2011 ’γὰρ
747 1976 848 2003 αἰνέσω
867 1978 942 2007 ποτὲ,

1117 1920 1161 1944 Ita
1173 1922 1319 1950 temperate
1332 1920 1482 1950 pertulisset
1492 1920 1636 1949 miseriam,

1115 1960 1213 1984 Poenas
1225 1961 1330 1990 petisset
1338 1961 1409 1991 jure,
1427 1963 1555 1986 servasset
1567 1961 1650 1991 pium.

1117 2001 1143 2026 N
1146 2009 1198 2026 unc
1208 2002 1288 2026 subiit
1300 2002 1386 2031 illum,
1407 2002 1479 2032 quod
1490 2002 1564 2032 prius
1574 2003 1698 2031 matrem,
1716 2001 1796 2026 nefas.

1117 2043 1198 2067 Illam
1210 2044 1311 2067 malam
1322 2045 1398 2067 vocat
1409 2043 1461 2072 ille,
1480 2050 1535 2067 non
1547 2043 1647 2073 injuria
1658 2051 1663 2067 z

1118 2084 1169 2109 Sed
1181 2084 1255 2114 pejor
1265 2084 1313 2108 illa
1324 2086 1361 2108 est
1373 2084 1426 2114 ipse
1438 2084 1504 2107 dum
1518 2086 1632 2108 matrem
1645 2084 1731 2108 necat.

1118 2125 1248 2154 Menelao,
1266 2125 1286 2149 si
1298 2125 1435 2156 permittis,
1448 2125 1498 2149 hoc
1509 2127 1535 2149 to
1547 2125 1697 2155 interrogo:

1118 2166 1194 2191 Irata
1204 2167 1225 2190 si
1236 2173 1304 2191 uxor
1315 2167 1458 2197 conjugem
1470 2166 1572 2191 occidet
1582 2173 1672 2196 suum,

1119 2208 1199 2232 Hanc
1209 2208 1282 2232 ultor
1292 2208 1347 2238 ipse
1358 2208 1429 2232 filius
1440 2208 1528 2233 tradet
1540 2209 1606 2238 neci,

1119 2250 1154 2274 Et
1164 2256 1256 2274 rmsus
1266 2249 1313 2274 illo
1323 2249 1428 2280 genitus
1439 2249 1510 2274 hanc
1523 2250 1623 2274 caedem
1635 2256 1705 2275 nova

1117 2290 1196 2315 Caede
1207 2290 1331 2321 expiabit,
1348 2290 1401 2315 fine
1412 2297 1466 2321 quo
1477 2291 1589 2316 stabunt
1599 2291 1673 2316 mala
1684 2292 1695 2315 ?

346 2024 422 2056 Χρῆν
441 2023 525 2049 αὐτὸν
543 2022 676 2048 ἐπιθεῖναι
698 2022 749 2054 μὲν
768 2020 883 2053 αἵματος
902 2021 981 2054 δίκην

343 2065 444 2092 Ὀσίαν
464 2064 593 2096 διώκοντ’,
614 2064 746 2097 ἐκβαλεῖν
766 2074 796 2091 τε
818 2063 952 2096 δωμάτων

346 2112 470 2144 Ματέρα,
493 2111 524 2137 τὸ
543 2111 654 2144 σῶφρον
680 2109 703 2137 τ’
729 2109 830 2142 ἔλαβεν
851 2109 887 2136 ἂν
904 2109 952 2142 τῆς
978 2119 1049 2142 συμ-

414 2155 509 2188 φορᾶς,

347 2199 403 2225 Καὶ
420 2199 468 2225 τοῦ
486 2199 572 2231 νόμου
590 2198 613 2225 τ’
631 2197 666 2224 ἂν
684 2197 775 2232 εἴχετ’,
796 2196 913 2231 εὐσεβής
925 2197 948 2224 τ’
960 2196 995 2224 ἂν
1006 2196 1049 2230 ἦν.

348 2245 408 2270 Νῦν
425 2244 446 2270 δ’
466 2243 504 2272 εἷς
522 2245 570 2270 τὸν
587 2243 671 2270 αὐτὸν
688 2243 794 2276 δαίμον’
815 2242 882 2276 ἦλθε
899 2244 1007 2276 μητέρι,

347 2289 444 2322 Κακὴν
464 2290 518 2323 γὰρ
543 2288 629 2322 αὐτὴν
646 2287 757 2317 ἐνδίκως
773 2287 934 2322 η’γούμενος,

343 2438 392 2483 by
413 2437 598 2478 affection,
629 2436 819 2471 therefore
850 2448 963 2482 many
983 2436 1143 2471 families
1173 2448 1270 2471 were
1299 2435 1462 2481 brought
1482 2434 1655 2481 together
1679 2435 1718 2469 in
1745 2446 1817 2471 one

342 2495 460 2540 place,
487 2494 621 2539 judges
653 2505 750 2528 were
782 2493 1021 2534 constituted,
1054 2493 1129 2528 and
1163 2498 1204 2528 to
1235 2494 1340 2528 these
1368 2493 1478 2527 alone
1511 2503 1584 2527 was
1611 2492 1722 2538 given
1751 2492 1816 2528 the

343 2562 468 2597 power
496 2551 538 2585 of
555 2550 719 2596 righting
737 2550 844 2585 those
876 2550 958 2585 that
979 2561 1074 2585 were
1096 2550 1253 2596 injured,
1282 2550 1347 2585 the
1375 2550 1511 2595 liberty
1534 2548 1655 2584 which
1682 2552 1816 2584 nature

342 2608 417 2642 had
443 2608 551 2653 given
571 2612 609 2642 to
644 2607 752 2642 other
772 2618 926 2653 persons
947 2607 1059 2652 being
1089 2607 1204 2642 taken
1233 2618 1345 2653 away.
1391 2607 1440 2641 So
1468 2606 1665 2640 Lueretius
1691 2605 1734 2640 of
1751 2605 1816 2641 the

344 2665 463 2710 origin
481 2664 523 2699 of
540 2665 624 2699 civil
641 2665 802 2710 society:
830 2664 1105 2698 Demosthenes
1135 2664 1281 2709 against
1310 2664 1460 2698 Conon:
1491 2663 1698 2704 Quintilian
1715 2675 1725 2704 3
1750 2662 1816 2697 the

344 2732 532 2766 emperors
549 2722 736 2756 Honorius
753 2721 827 2755 and
848 2721 1102 2762 Theociosius3
1133 2721 1207 2755 and
1222 2721 1313 2766 king
1331 2719 1551 2754 Theodorie.
1608 2716 1728 2764 [See]

421 2783 441 2811 5
478 2778 552 2812 Yet
571 2778 633 2813 the
651 2778 714 2812 old
730 2778 879 2812 natural
900 2778 1037 2823 liberty
1054 2778 1236 2819 remains3
1256 2778 1348 2818 first,
1367 2777 1406 2811 in
1423 2777 1545 2822 places
1566 2776 1689 2811 where
1708 2775 1815 2810 there

344 2843 408 2867 are
425 2844 473 2867 no
490 2835 683 2876 tribunals,
703 2846 743 2869 as
765 2839 803 2869 at
824 2846 895 2869 sea.
946 2834 1032 2869 And
1057 2838 1096 2869 to
1127 2835 1200 2869 this
1231 2834 1390 2880 perhaps
1422 2845 1475 2868 we
1502 2844 1588 2878 may
1619 2832 1719 2867 refer
1749 2831 1814 2866 the

343 2889 569 2934 proceeding
590 2890 633 2925 of
658 2891 780 2926 Caesar
802 2891 919 2933 when,
937 2903 976 2927 as
997 2903 1019 2926 a
1041 2892 1185 2938 private
1207 2903 1304 2933 man,
1334 2891 1471 2936 having
1501 2891 1596 2925 been
1625 2889 1740 2924 taken
1765 2888 1815 2934 by
