2018 3204
116 289 199 313 Joan.
214 289 249 313 iv.
263 289 285 317 7.

117 365 210 420 llsam'
225 366 309 391 xxvii.

117 402 130 419 e
143 402 165 419 c.

116 488 179 511 Ant.
194 486 250 512 viii.
261 488 283 512 2.

117 524 141 548 p.
156 518 210 541 2¹65.

110 1406 131 1431 J
134 1406 178 1430 ud.
192 1406 228 1430 xi.
244 1407 280 1431 16.

111 1541 126 1564 2
137 1541 210 1564 Sam.
223 1546 251 1563 x.

112 1733 176 1757 Gen.
190 1733 245 1758 xiv.

335 167 417 207 140

615 174 683 209 DE
714 173 1002 209 FEDERIBUS
1033 172 1096 207 Ao
1128 172 1514 208 SPONSIONIBUS.
1634 169 1730 214 [LIB.
1744 171 1795 206 11.

335 281 521 339 exemplo
556 297 645 335 su0‚
672 298 763 325 cum
799 297 824 324 a
858 279 1104 323 Samaritide
1142 279 1294 322 femina
1328 293 1477 334 aquam
1507 278 1693 335 accipere
1715 293 1798 321 non

335 348 552 398 recusavit,
581 348 685 405 legis
714 347 865 402 ubique
895 345 1288 388 observantissimus.
1355 345 1438 387 Sed
1463 349 1505 386 et
1533 345 1628 386 olim
1659 344 1798 386 David

335 414 446 470 apud
470 413 641 470 populos
670 412 922 469 irreligiosos
948 411 1181 468 perfugium
1212 411 1288 453 sibi
1313 410 1573 466 quaesiverat,
1598 424 1798 465 nusquam

335 494 383 521 eo
407 479 568 520 nomine
601 479 887 534 reprehensus.
953 477 1078 533 Apud
1109 476 1140 517 J
1144 477 1341 532 osephum
1366 476 1574 518 Solomoni
1598 475 1798 531 templum

335 543 552 595 dedicanti,
579 549 621 585 et
656 543 791 585 oranti
825 548 872 585 ut
907 543 1022 584 Deus
1055 542 1112 584 ibi
1143 542 1268 584 etiam
1302 542 1626 599 alienigenarum
1654 556 1798 598 preces

334 609 562 659 exaudiret,
587 609 676 650 haec
699 608 896 651 tribuitur
920 608 1078 650 oratio:
1114 604 1234 660 ἡμεῖς
1270 606 1343 652 οὐκ
1381 605 1670 665 ἀπάνθρωποι
1712 605 1798 660 τήν

335 672 468 735 φύσιν
492 671 638 725 ἐσμὲν,
664 671 760 718 οὐδὲ
784 672 1030 734 ἀλλοτρίως
1051 672 1160 733 πρὸς
1185 671 1283 721 τούς
1308 672 1394 734 οὐχ
1425 671 1673 735 ὁμοφύλους
1697 669 1796 734 ἕχο-

333 755 426 792 μευ·
459 756 543 783 non
576 756 722 783 sumus
754 743 989 783 inhumano
1014 741 1184 795 inqenio
1219 755 1348 793 neque
1377 741 1490 782 male
1520 742 1665 795 affecti
1692 754 1797 794 crya

334 815 567 849 extraneos.

433 875 459 915 5
505 869 749 927 Excipiendi
781 871 834 912 ab
857 871 935 913 hac
958 871 1106 929 regula
1137 886 1219 913 non
1248 871 1306 913 illi
1335 877 1496 914 tantum
1525 871 1665 927 populi
1695 884 1797 927 quos

333 953 462 995 supra
485 938 674 986 diximus,
707 937 779 978 sed
802 937 969 993 insuper
997 938 1244 979 Ammonitae
1269 943 1311 980 et
1334 936 1543 986 Moabitae,
1566 938 1618 978 de
1649 937 1797 992 quibus

332 1004 529 1060 scriptum
554 1010 616 1045 est
636 1004 761 1045 Deut.
780 1003 893 1044 xxiii.
913 1005 951 1045 6.
994 1005 1097 1046 Non
1121 1019 1282 1058 quoeres
1295 1004 1630 1059 prosperitatem
1653 1017 1797 1044 eorum

333 1070 409 1124 (ita
441 1069 592 1111 rectius
621 1069 699 1110 hoc
726 1069 814 1110 loco
846 1069 1020 1110 verteris
1050 1063 1180 1116 005&
1205 1084 1327 1125 quam
1360 1083 1503 1125 pacem
1532 1069 1690 1122 eorum)
1722 1083 1798 1110 nec

332 1138 483 1177 bonum
501 1151 643 1178 eorum
661 1136 765 1176 ullis
788 1135 936 1176 diebus
960 1137 1046 1177 tuis
1067 1150 1270 1190 unquam.
1322 1134 1481 1184 Quibus
1497 1133 1635 1176 verbis
1654 1133 1798 1176 federa

331 1201 513 1243 benefica
538 1216 630 1242 cum
662 1200 739 1241 illis
762 1200 922 1256 populis
945 1206 1153 1248 vetantur,
1186 1215 1269 1241 non
1294 1200 1416 1241 etiam
1444 1200 1513 1255 jus
1537 1199 1632 1241 belli
1656 1213 1797 1240 conce-

332 1266 472 1309 ditur:
504 1272 576 1308 aut
606 1271 729 1315 certe,
762 1279 857 1320 quae
890 1266 1165 1307 Hebraeorum
1198 1265 1454 1321 quorundam
1486 1265 1689 1306 sententia
1718 1270 1794 1312 est,

331 1337 495 1373 vetatur
519 1345 603 1386 pax
633 1331 685 1372 ab
709 1330 788 1371 illis
819 1330 916 1385 peti,
941 1345 1023 1371 non
1052 1331 1176 1372 etiam
1204 1331 1342 1372 oblata
1373 1330 1513 1386 accipi.
1580 1330 1704 1372 Certe
1727 1330 1797 1385 jus

330 1397 425 1438 belli
449 1397 491 1438 in
514 1395 769 1438 Ammonitas
793 1395 983 1437 Hebraeis
1001 1401 1180 1453 negatur
1204 1397 1328 1437 Deut.
1344 1395 1382 1437 ii.
1401 1398 1455 1437 19
1475 1412 1484 1437 :
1508 1409 1642 1450 neque
1665 1396 1796 1451 Jeph-

329 1463 422 1504 thes
456 1477 572 1504 arma
605 1461 648 1503 in
679 1476 748 1502 eos
778 1461 918 1510 movit,
951 1460 1028 1502 nisi
1059 1467 1152 1516 post
1183 1467 1363 1503 tentatas
1390 1475 1521 1516 aequae
1551 1460 1662 1517 pacis
1692 1460 1794 1509 vias,

330 1542 464 1583 neque
501 1527 638 1569 David
669 1526 746 1568 nisi
781 1526 989 1568 atrocibus
1028 1526 1186 1583 injuriis
1221 1526 1440 1569 lacessitus.
1504 1527 1571 1568 De
1601 1525 1797 1569 societate

331 1593 477 1635 bellica
500 1593 671 1649 quaestio
692 1598 892 1648 superest.

430 1661 456 1700 6
499 1661 610 1700 Ante
632 1658 780 1715 legem,
805 1658 912 1699 hanc
936 1672 1099 1714 quoque
1122 1673 1205 1700 non
1230 1658 1412 1701 illicitam
1435 1658 1561 1700 fuisse
1585 1672 1677 1700 cum
1700 1673 1796 1715 pro-

328 1724 435 1766 fanis
455 1724 659 1782 gentibus,
685 1724 871 1779 exemplo
894 1730 1069 1780 apparet
1088 1725 1368 1774 mAbrahami,
1393 1724 1538 1780 impios
1564 1724 1796 1766 Sodomitas

328 1790 435 1831 bello
458 1789 702 1844 adjuvantis.
758 1790 799 1829 N
801 1803 846 1830 ec
870 1789 962 1846 lege
987 1789 1115 1831 Mosis
1138 1790 1355 1845 quicquam
1381 1790 1631 1846 generaliter
1652 1790 1730 1832 hac
1752 1790 1795 1832 in

327 1869 374 1896 re
397 1860 600 1897 mutatum
623 1854 788 1911 legitur.
859 1855 998 1909 Atque
1020 1854 1080 1896 ita
1104 1855 1291 1897 videmus
1315 1856 1487 1896 sensisse
1512 1857 1793 1905 ¹¹Asmonaeos,

327 1920 430 1977 legis
451 1926 494 1962 et
517 1920 670 1976 peritos
694 1925 736 1961 et
758 1926 1000 1961 reverentes
1023 1920 1257 1969 admodum,
1283 1926 1329 1962 ut
1354 1935 1405 1961 ex
1430 1920 1624 1978 religiosa
1647 1921 1794 1962 sabba-

386 2031 408 2046 m
430 2024 624 2062 Abrahamz‘]
647 2024 737 2053 Idem
760 2033 831 2053 cum
855 2023 970 2053 Escole
993 2026 1025 2052 et

326 2074 436 2103 Anero
451 2075 554 2102 foedus
573 2075 658 2103 fecit.
691 2074 787 2110 (Gen.
802 2073 864 2103 xiv.
882 2073 947 2110 13.)
975 2073 1026 2101 Sic

326 2127 359 2152 et
373 2123 477 2152 David
497 2133 567 2152 cum
583 2123 665 2152 Aehi
684 2126 716 2151 et
736 2123 852 2157 Naaso,
875 2123 1025 2150 Solonion

326 2182 397 2201 cum
430 2173 606 2211 AEgyptiis,
638 2173 705 2201 Asa
737 2181 807 2200 cum
842 2171 1026 2200 Benadado.

329 2222 426 2260 [Vide
451 2231 473 2251 1.
493 2223 577 2251 Sam.
600 2222 697 2251 xxvii.
729 2230 768 2251 11.
786 2222 869 2251 Sam.
892 2230 921 2249 x.
944 2222 972 2248 2.
1002 2229 1026 2249 1.

331 2272 412 2309 Reg.
427 2272 469 2300 iii.
487 2274 514 2300 1.
533 2275 564 2301 et
577 2282 625 2300 XV.
644 2270 708 2308 19.]

388 2326 401 2340 ¹¹
424 2321 603 2349 Asmonoeos
618 2321 695 2359 leqis
720 2323 748 2348 et
764 2320 887 2357 peritos
901 2322 929 2347 et
942 2328 1026 2347 reve-

327 2373 426 2399 rentes
453 2369 635 2407 admodum]
667 2370 751 2398 Laus
776 2377 885 2397 eorum
920 2370 967 2396 est
994 2367 1026 2395 in

328 2420 513 2457 Thargumo
535 2418 717 2453 chaldaico,
740 2418 773 2445 in
793 2417 882 2445 libris
898 2417 1026 2445 Macca-

328 2470 434 2506 baicis‚
450 2471 482 2498 in
498 2470 632 2508 epistola
645 2469 685 2498 ad
700 2469 863 2497 Hebraeos.
899 2467 1026 2495 Horum

1093 2024 1273 2062 exemplum
1293 2024 1393 2053 secuti
1415 2024 1628 2062 Imperatores
1650 2026 1682 2053 et
1701 2033 1794 2062 reges

1095 2074 1267 2102 Christiani
1288 2074 1396 2103 federa
1415 2078 1471 2103 aut
1490 2083 1561 2103 cum
1576 2083 1639 2102 non
1657 2073 1793 2104 Christi-

1092 2123 1170 2159 anis,
1191 2126 1246 2152 aut
1263 2132 1334 2151 cum
1354 2132 1416 2151 non
1442 2132 1515 2151 sane
1535 2123 1722 2152 Christianis
1744 2125 1793 2153 fe-

1094 2182 1173 2208 cere,
1197 2172 1425 2202 Constantinus
1440 2181 1511 2201 cum
1529 2173 1643 2201 Gothis
1657 2176 1690 2202 et
1704 2173 1792 2202 Van-

1094 2220 1182 2255 dalis,
1213 2220 1414 2248 Justinianus
1447 2229 1518 2248 cum
1551 2220 1792 2257 Longobardis=

1093 2278 1164 2297 cum
1176 2269 1349 2304 Saracenis,
1362 2269 1484 2304 Alanis,
1498 2268 1640 2306 GepidiS,
1652 2269 1792 2306 Francis,

1094 2318 1213 2353 Suevis,
1229 2318 1389 2353 Vandalis,
1403 2317 1610 2353 Theodosius,
1622 2318 1793 2355 Honorius,

1094 2367 1171 2403 Leo,
1185 2367 1361 2402 Heraclius,
1376 2367 1521 2402 Basilius,
1535 2367 1673 2396 Isaacius
1680 2369 1792 2406 Ange-

1093 2416 1152 2452 lus,
1163 2416 1376 2454 Palaeologus:
1394 2425 1463 2444 cum
1477 2416 1597 2444 Mauris
1611 2425 1702 2454 reges
1717 2417 1792 2447 His-

1093 2465 1196 2503 paniae
1220 2466 1373 2494 Alfonsus
1401 2466 1608 2504 HispalensiS,
1633 2467 1792 2504 Ramirus,

405 2636 425 2665 5
466 2631 618 2666 Besides
639 2630 704 2666 the
722 2631 917 2676 exception
939 2631 982 2665 of
998 2630 1063 2665 the
1083 2631 1243 2675 Peoples
1268 2629 1312 2664 of
1336 2629 1498 2669 Canaan,
1520 2629 1584 2664 the
1610 2628 1790 2664 Ammon-

327 2687 396 2722 ites
416 2688 489 2721 and
514 2688 699 2722 Moabites
717 2688 793 2722 also
816 2699 879 2722 are
909 2687 1099 2732 exeepted.

327 2754 390 2777 are
406 2744 618 2785 forbidden,
633 2744 702 2778 but
723 2755 797 2778 war
816 2745 846 2778 is
867 2748 934 2778 not
954 2743 1180 2778 authorized.

1158 2686 1361 2721 Beneficial
1391 2686 1539 2731 leagues
1570 2686 1658 2720 with
1688 2686 1791 2720 them

1245 2744 1317 2778 See
1337 2743 1401 2777 the
1418 2753 1600 2788 passages.

405 2802 426 2832 6
467 2800 539 2834 See
569 2801 647 2835 also
682 2801 746 2834 the
777 2801 947 2845 example
976 2800 1018 2834 of
1042 2799 1233 2834 Abraham
1260 2800 1334 2834 and
1365 2799 1421 2834 his
1452 2800 1583 2844 league
1613 2797 1700 2831 with
1724 2797 1791 2832 the

327 2853 416 2897 king
437 2855 479 2887 of
495 2856 644 2889 Sodom.

327 2910 501 2943 Romans.

704 2856 789 2890 And
806 2857 871 2891 the
886 2856 1106 2892 Maccabees
1127 2857 1236 2891 made
1258 2856 1408 2901 leagues
1433 2855 1521 2889 with
1549 2854 1690 2889 Greeks
1716 2854 1790 2888 and
