<?xml version="1.0" encoding="UTF-8"?>
<!DOCTYPE html PUBLIC "-//W3C//DTD XHTML 1.0 Transitional//EN"
    "http://www.w3.org/TR/xhtml1/DTD/xhtml1-transitional.dtd">
<html xmlns="http://www.w3.org/1999/xhtml" xml:lang="en" lang="en">
 <head>
  <title>
</title>
<meta http-equiv="Content-Type" content="text/html;charset=utf-8" />
  <meta name='ocr-system' content='tesseract 3.04.00' />
  <meta name='ocr-capabilities' content='ocr_page ocr_carea ocr_par ocr_line ocrx_word'/>
</head>
<body>
  <div class='ocr_page' id='page_1' title='image "./dejurebellietpac02grotuoft_0291.png"; bbox 0 0 2018 3204; ppageno 0'>
   <div class='ocr_carea' id='block_1_1' title="bbox 225 173 1682 222">
    <p class='ocr_par' dir='ltr' id='par_1_1' title="bbox 225 173 1682 222">
     <span class='ocr_line' id='line_1_1' title="bbox 225 173 1682 222; baseline 0 -8"><span class='ocrx_word' id='word_1_1' title='bbox 225 179 315 214; x_wconf 81' lang='grc' dir='ltr'><strong>ΟΛΡ.</strong></span> <span class='ocrx_word' id='word_1_2' title='bbox 332 177 441 222; x_wconf 87' lang='grc' dir='ltr'><strong>ΧΧ.]</strong></span> <span class='ocrx_word' id='word_1_3' title='bbox 808 180 875 214; x_wconf 86' lang='lat' dir='ltr'>DE</span> <span class='ocrx_word' id='word_1_4' title='bbox 906 180 1087 215; x_wconf 88' lang='lat' dir='ltr'>POENIS.</span> <span class='ocrx_word' id='word_1_5' title='bbox 1601 173 1682 214; x_wconf 78' lang='lat'>265</span> 
     </span>
    </p>
   </div>
   <div class='ocr_carea' id='block_1_2' title="bbox 219 286 1683 345">
    <p class='ocr_par' dir='ltr' id='par_1_2' title="bbox 219 286 1683 345">
     <span class='ocr_line' id='line_1_2' title="bbox 219 286 1683 345; baseline 0 -15"><span class='ocrx_word' id='word_1_6' title='bbox 219 287 337 345; x_wconf 81' lang='lat' dir='ltr'>juriS‚</span> <span class='ocrx_word' id='word_1_7' title='bbox 362 287 403 328; x_wconf 91' lang='lat' dir='ltr'>in</span> <span class='ocrx_word' id='word_1_8' title='bbox 437 287 487 328; x_wconf 91' lang='lat' dir='ltr'>iis</span> <span class='ocrx_word' id='word_1_9' title='bbox 521 286 618 329; x_wconf 90' lang='lat' dir='ltr'>locis</span> <span class='ocrx_word' id='word_1_10' title='bbox 652 292 777 342; x_wconf 87' lang='lat' dir='ltr'>atque</span> <span class='ocrx_word' id='word_1_11' title='bbox 809 287 916 330; x_wconf 89' lang='lat' dir='ltr'>inter</span> <span class='ocrx_word' id='word_1_12' title='bbox 941 303 1010 330; x_wconf 87' lang='lat' dir='ltr'>eas</span> <span class='ocrx_word' id='word_1_13' title='bbox 1033 302 1228 344; x_wconf 81' lang='lat' dir='ltr'><strong>personas</strong></span> <span class='ocrx_word' id='word_1_14' title='bbox 1252 303 1343 344; x_wconf 80' lang='lat' dir='ltr'>quae</span> <span class='ocrx_word' id='word_1_15' title='bbox 1370 288 1491 330; x_wconf 84' lang='lat' dir='ltr'>certis</span> <span class='ocrx_word' id='word_1_16' title='bbox 1520 288 1683 344; x_wconf 84' lang='lat' dir='ltr'>judiciis</span> 
     </span>
    </p>
   </div>
   <div class='ocr_carea' id='block_1_3' title="bbox 226 353 1886 410">
    <p class='ocr_par' dir='ltr' id='par_1_3' title="bbox 226 353 1886 410">
     <span class='ocr_line' id='line_1_3' title="bbox 226 353 1886 410; baseline 0.001 -16"><span class='ocrx_word' id='word_1_17' title='bbox 226 369 308 394; x_wconf 91' lang='lat' dir='ltr'>non</span> <span class='ocrx_word' id='word_1_18' title='bbox 331 353 527 395; x_wconf 81' lang='lat' dir='ltr'>subsunt:</span> <span class='ocrx_word' id='word_1_19' title='bbox 562 367 609 394; x_wconf 88' lang='lat' dir='ltr'>ao</span> <span class='ocrx_word' id='word_1_20' title='bbox 632 358 838 408; x_wconf 78' lang='lat' dir='ltr'>praeterea</span> <span class='ocrx_word' id='word_1_21' title='bbox 860 353 900 394; x_wconf 90' lang='lat' dir='ltr'>in</span> <span class='ocrx_word' id='word_1_22' title='bbox 925 354 1166 409; x_wconf 90' lang='lat' dir='ltr'>quibusdam</span> <span class='ocrx_word' id='word_1_23' title='bbox 1191 355 1348 396; x_wconf 81' lang='lat' dir='ltr'>casibus</span> <span class='ocrx_word' id='word_1_24' title='bbox 1371 355 1562 410; x_wconf 73' lang='lat' dir='ltr'>exceptis..</span> <span class='ocrx_word' id='word_1_25' title='bbox 1615 355 1682 397; x_wconf 91' lang='lat' dir='ltr'>Sic</span> <span class='ocrx_word' id='word_1_26' title='bbox 1700 366 1779 391; x_wconf 76' lang='lat' dir='ltr'>Deut-</span> <span class='ocrx_word' id='word_1_27' title='bbox 1793 366 1848 391; x_wconf 79' lang='lat' dir='ltr'>xiii.</span> <span class='ocrx_word' id='word_1_28' title='bbox 1863 367 1886 391; x_wconf 83' lang='grc'>9-</span> 
     </span>
    </p>
   </div>
   <div class='ocr_carea' id='block_1_4' title="bbox 226 418 1684 607">
    <p class='ocr_par' dir='ltr' id='par_1_4' title="bbox 226 418 1684 607">
     <span class='ocr_line' id='line_1_4' title="bbox 226 418 1680 477; baseline 0.001 -17"><span class='ocrx_word' id='word_1_29' title='bbox 226 419 499 460; x_wconf 86' lang='lat' dir='ltr'>Hebraeorum</span> <span class='ocrx_word' id='word_1_30' title='bbox 534 418 713 460; x_wconf 88' lang='lat' dir='ltr'>moribus</span> <span class='ocrx_word' id='word_1_31' title='bbox 749 419 954 461; x_wconf 80' lang='lat' dir='ltr'>Hebraeus</span> <span class='ocrx_word' id='word_1_32' title='bbox 981 434 1007 461; x_wconf 88' lang='lat' dir='ltr'>a</span> <span class='ocrx_word' id='word_1_33' title='bbox 1041 421 1130 461; x_wconf 94' lang='lat' dir='ltr'>Deo</span> <span class='ocrx_word' id='word_1_34' title='bbox 1163 425 1205 461; x_wconf 88' lang='lat' dir='ltr'>et</span> <span class='ocrx_word' id='word_1_35' title='bbox 1239 420 1319 462; x_wconf 92' lang='lat' dir='ltr'>Dei</span> <span class='ocrx_word' id='word_1_36' title='bbox 1353 419 1445 477; x_wconf 83' lang='lat' dir='ltr'>lege</span> <span class='ocrx_word' id='word_1_37' title='bbox 1479 419 1680 469; x_wconf 80' lang='lat' dir='ltr'>deficiens,</span> 
     </span>
     <span class='ocr_line' id='line_1_5' title="bbox 226 481 1683 541; baseline 0.001 -15"><span class='ocrx_word' id='word_1_38' title='bbox 226 490 298 526; x_wconf 89' lang='lat' dir='ltr'>aut</span> <span class='ocrx_word' id='word_1_39' title='bbox 321 484 464 526; x_wconf 89' lang='lat' dir='ltr'>ducem</span> <span class='ocrx_word' id='word_1_40' title='bbox 488 498 531 525; x_wconf 88' lang='lat' dir='ltr'>se</span> <span class='ocrx_word' id='word_1_41' title='bbox 552 484 606 525; x_wconf 89' lang='lat' dir='ltr'>ad</span> <span class='ocrx_word' id='word_1_42' title='bbox 631 484 752 525; x_wconf 85' lang='lat' dir='ltr'>falsos</span> <span class='ocrx_word' id='word_1_43' title='bbox 771 485 901 526; x_wconf 89' lang='lat' dir='ltr'>cultus</span> <span class='ocrx_word' id='word_1_44' title='bbox 925 485 1125 540; x_wconf 74' lang='lat' dir='ltr'>praebenS‚</span> <span class='ocrx_word' id='word_1_45' title='bbox 1150 481 1281 527; x_wconf 74' lang='lat' dir='ltr'>l‘illico</span> <span class='ocrx_word' id='word_1_46' title='bbox 1304 500 1330 527; x_wconf 88' lang='lat' dir='ltr'>a</span> <span class='ocrx_word' id='word_1_47' title='bbox 1352 485 1496 541; x_wconf 90' lang='lat' dir='ltr'>quovis</span> <span class='ocrx_word' id='word_1_48' title='bbox 1519 486 1683 528; x_wconf 91' lang='lat' dir='ltr'>homine</span> 
     </span>
     <span class='ocr_line' id='line_1_6' title="bbox 226 545 1684 607; baseline 0.002 -17"><span class='ocrx_word' id='word_1_49' title='bbox 226 551 414 605; x_wconf 78' lang='lat' dir='ltr'>⁶poterat</span> <span class='ocrx_word' id='word_1_50' title='bbox 447 549 634 591; x_wconf 87' lang='lat' dir='ltr'>interfici.</span> <span class='ocrx_word' id='word_1_51' title='bbox 683 545 912 591; x_wconf 75' lang='lat' dir='ltr'>&#39;Judicium</span> <span class='ocrx_word' id='word_1_52' title='bbox 947 551 1022 592; x_wconf 88' lang='lat' dir='ltr'>zeli</span> <span class='ocrx_word' id='word_1_53' title='bbox 1056 551 1098 593; x_wconf 86' lang='lat' dir='ltr'>id</span> <span class='ocrx_word' id='word_1_54' title='bbox 1134 557 1282 593; x_wconf 88' lang='lat' dir='ltr'>vocant</span> <span class='ocrx_word' id='word_1_55' title='bbox 1314 551 1499 602; x_wconf 82' lang='lat' dir='ltr'>Hebraei,</span> <span class='ocrx_word' id='word_1_56' title='bbox 1525 552 1635 607; x_wconf 87' lang='lat' dir='ltr'>quod</span> <span class='ocrx_word' id='word_1_57' title='bbox 1657 566 1684 594; x_wconf 86' lang='lat' dir='ltr'>a</span> 
     </span>
    </p>
   </div>
   <div class='ocr_carea' id='block_1_5' title="bbox 226 613 1863 670">
    <p class='ocr_par' dir='ltr' id='par_1_5' title="bbox 226 613 1863 670">
     <span class='ocr_line' id='line_1_7' title="bbox 226 613 1863 670; baseline 0.002 -15"><span class='ocrx_word' id='word_1_58' title='bbox 226 614 384 656; x_wconf 86' lang='lat' dir='ltr'>Phinea</span> <span class='ocrx_word' id='word_1_59' title='bbox 419 613 573 670; x_wconf 83' lang='lat' dir='ltr'>⁷prim0</span> <span class='ocrx_word' id='word_1_60' title='bbox 612 615 836 657; x_wconf 81' lang='lat' dir='ltr'>exercitum</span> <span class='ocrx_word' id='word_1_61' title='bbox 873 616 999 665; x_wconf 88' lang='lat' dir='ltr'>aiunt,</span> <span class='ocrx_word' id='word_1_62' title='bbox 1042 622 1084 658; x_wconf 88' lang='lat' dir='ltr'>et</span> <span class='ocrx_word' id='word_1_63' title='bbox 1120 616 1217 659; x_wconf 91' lang='lat' dir='ltr'>inde</span> <span class='ocrx_word' id='word_1_64' title='bbox 1250 617 1398 659; x_wconf 88' lang='lat' dir='ltr'>abiisse</span> <span class='ocrx_word' id='word_1_65' title='bbox 1439 617 1481 658; x_wconf 90' lang='lat' dir='ltr'>in</span> <span class='ocrx_word' id='word_1_66' title='bbox 1514 623 1863 659; x_wconf 62' lang='lat' dir='ltr'>morem.N1⁴²²²·³‘x*&#39;·</span> 
     </span>
    </p>
   </div>
   <div class='ocr_carea' id='block_1_6' title="bbox 223 680 1684 869">
    <p class='ocr_par' dir='ltr' id='par_1_6' title="bbox 223 680 1684 869">
     <span class='ocr_line' id='line_1_8' title="bbox 227 680 1684 738; baseline 0.001 -16"><span class='ocrx_word' id='word_1_67' title='bbox 227 680 294 722; x_wconf 91' lang='lat' dir='ltr'>Sic</span> <span class='ocrx_word' id='word_1_68' title='bbox 325 680 356 720; x_wconf 86' lang='lat' dir='ltr'><strong>J</strong></span> <span class='ocrx_word' id='word_1_69' title='bbox 361 680 520 722; x_wconf 86' lang='lat' dir='ltr'>udaeum</span> <span class='ocrx_word' id='word_1_70' title='bbox 555 681 757 736; x_wconf 82' lang='lat' dir='ltr'>quendam</span> <span class='ocrx_word' id='word_1_71' title='bbox 797 682 954 723; x_wconf 89' lang='lat' dir='ltr'>Graecis</span> <span class='ocrx_word' id='word_1_72' title='bbox 992 696 1036 723; x_wconf 88' lang='lat' dir='ltr'>se</span> <span class='ocrx_word' id='word_1_73' title='bbox 1069 682 1214 724; x_wconf 89' lang='lat' dir='ltr'>ritibus</span> <span class='ocrx_word' id='word_1_74' title='bbox 1249 683 1498 738; x_wconf 80' lang='lat' dir='ltr'>polluentem</span> <span class='ocrx_word' id='word_1_75' title='bbox 1537 682 1684 725; x_wconf 89' lang='lat' dir='ltr'>occidit</span> 
     </span>
     <span class='ocr_line' id='line_1_9' title="bbox 224 745 461 788; baseline 0.008 -2"><span class='ocrx_word' id='word_1_76' title='bbox 224 745 461 788; x_wconf 87' lang='lat' dir='ltr'>Mathatias.</span> 
     </span>
     <span class='ocr_line' id='line_1_10' title="bbox 223 811 1683 869; baseline 0.001 -17"><span class='ocrx_word' id='word_1_77' title='bbox 223 811 473 861; x_wconf 86' lang='lat' dir='ltr'>referuntur,</span> <span class='ocrx_word' id='word_1_78' title='bbox 498 811 603 853; x_wconf 90' lang='lat' dir='ltr'>libro</span> <span class='ocrx_word' id='word_1_79' title='bbox 625 812 694 868; x_wconf 89' lang='lat' dir='ltr'>qui</span> <span class='ocrx_word' id='word_1_80' title='bbox 719 812 842 869; x_wconf 82' lang='lat' dir='ltr'>vulgo</span> <span class='ocrx_word' id='word_1_81' title='bbox 864 812 1013 854; x_wconf 88' lang='lat' dir='ltr'>dicitur</span> <span class='ocrx_word' id='word_1_82' title='bbox 1037 814 1364 854; x_wconf 82' lang='lat' dir='ltr'>Maccabaeorum</span> <span class='ocrx_word' id='word_1_83' title='bbox 1387 813 1548 854; x_wconf 79' lang='lat' dir='ltr'>tertius.</span> <span class='ocrx_word' id='word_1_84' title='bbox 1594 813 1683 855; x_wconf 90' lang='lat' dir='ltr'>Nec</span> 
     </span>
    </p>
   </div>
   <div class='ocr_carea' id='block_1_7' title="bbox 528 746 1894 810">
    <p class='ocr_par' dir='ltr' id='par_1_7' title="bbox 528 746 1894 810">
     <span class='ocr_line' id='line_1_11' title="bbox 528 746 1894 810; baseline 0.001 -23"><span class='ocrx_word' id='word_1_85' title='bbox 528 746 595 788; x_wconf 89' lang='lat' dir='ltr'>Sic</span> <span class='ocrx_word' id='word_1_86' title='bbox 626 747 800 788; x_wconf 79' lang='lat' dir='ltr'>trecenti</span> <span class='ocrx_word' id='word_1_87' title='bbox 834 747 902 788; x_wconf 89' lang='lat' dir='ltr'>alii</span> <span class='ocrx_word' id='word_1_88' title='bbox 936 747 1073 789; x_wconf 84' lang='lat' dir='ltr'>Judaei</span> <span class='ocrx_word' id='word_1_89' title='bbox 1096 762 1122 789; x_wconf 89' lang='lat' dir='ltr'>a</span> <span class='ocrx_word' id='word_1_90' title='bbox 1152 747 1416 803; x_wconf 86' lang='lat' dir='ltr'>popularibus</span> <span class='ocrx_word' id='word_1_91' title='bbox 1450 747 1533 789; x_wconf 89' lang='lat' dir='ltr'>suis</span> <span class='ocrx_word' id='word_1_92' title='bbox 1564 748 1682 789; x_wconf 90' lang='lat' dir='ltr'>occisi</span> <span class='ocrx_word' id='word_1_93' title='bbox 1698 755 1850 810; x_wconf 45' lang='lat' dir='ltr'>{3111ch</span> <span class='ocrx_word' id='word_1_94' title='bbox 1867 756 1894 780; x_wconf 71' lang='lat' dir='ltr'>ii·</span> 
     </span>
    </p>
   </div>
   <div class='ocr_carea' id='block_1_8' title="bbox 224 876 1901 1001">
    <p class='ocr_par' dir='ltr' id='par_1_8' title="bbox 224 876 1901 1001">
     <span class='ocr_line' id='line_1_12' title="bbox 224 876 1866 934; baseline 0.002 -17"><span class='ocrx_word' id='word_1_95' title='bbox 224 876 304 918; x_wconf 86' lang='lat' dir='ltr'>alio</span> <span class='ocrx_word' id='word_1_96' title='bbox 329 877 499 919; x_wconf 89' lang='lat' dir='ltr'>obtentu</span> <span class='ocrx_word' id='word_1_97' title='bbox 530 878 717 920; x_wconf 88' lang='lat' dir='ltr'>instituta</span> <span class='ocrx_word' id='word_1_98' title='bbox 743 877 938 934; x_wconf 87' lang='lat' dir='ltr'>lapidatio</span> <span class='ocrx_word' id='word_1_99' title='bbox 963 877 1006 918; x_wconf 91' lang='lat' dir='ltr'>in</span> <span class='ocrx_word' id='word_1_100' title='bbox 1031 878 1300 933; x_wconf 79' lang='lat' dir='ltr'>Stephanum,</span> <span class='ocrx_word' id='word_1_101' title='bbox 1326 883 1369 920; x_wconf 87' lang='lat' dir='ltr'>et</span> <span class='ocrx_word' id='word_1_102' title='bbox 1392 877 1616 934; x_wconf 85' lang='lat' dir='ltr'>conjuratio</span> <span class='ocrx_word' id='word_1_103' title='bbox 1640 878 1682 920; x_wconf 92' lang='lat' dir='ltr'>in</span> <span class='ocrx_word' id='word_1_104' title='bbox 1701 882 1866 910; x_wconf 67' lang='lat'>²¹⁶⁶·*&#39;&#39;¹³·⁵⁷·</span> 
     </span>
     <span class='ocr_line' id='line_1_13' title="bbox 226 942 1901 1001; baseline 0.002 -18"><span class='ocrx_word' id='word_1_105' title='bbox 226 942 427 985; x_wconf 85' lang='lat' dir='ltr'>Paulum:</span> <span class='ocrx_word' id='word_1_106' title='bbox 464 943 672 999; x_wconf 86' lang='lat' dir='ltr'>multaque</span> <span class='ocrx_word' id='word_1_107' title='bbox 692 943 772 985; x_wconf 84' lang='lat' dir='ltr'>alia</span> <span class='ocrx_word' id='word_1_108' title='bbox 795 942 982 999; x_wconf 86' lang='lat' dir='ltr'>exempla</span> <span class='ocrx_word' id='word_1_109' title='bbox 1008 942 1252 999; x_wconf 88' lang='lat' dir='ltr'>ejuscemodi</span> <span class='ocrx_word' id='word_1_110' title='bbox 1276 948 1443 986; x_wconf 85' lang='lat' dir='ltr'>exstant</span> <span class='ocrx_word' id='word_1_111' title='bbox 1467 949 1510 985; x_wconf 89' lang='lat' dir='ltr'>et</span> <span class='ocrx_word' id='word_1_112' title='bbox 1533 945 1683 1001; x_wconf 82' lang='lat' dir='ltr'>mapud</span> <span class='ocrx_word' id='word_1_113' title='bbox 1699 945 1846 970; x_wconf 52' lang='grc' dir='ltr'>Δεῖ-Πῶ-</span> <span class='ocrx_word' id='word_1_114' title='bbox 1861 947 1901 971; x_wconf 82' lang='lat'>¹³·</span> 
     </span>
    </p>
   </div>
   <div class='ocr_carea' id='block_1_9' title="bbox 224 1007 1684 1461">
    <p class='ocr_par' dir='ltr' id='par_1_9' title="bbox 224 1007 921 1065">
     <span class='ocr_line' id='line_1_14' title="bbox 224 1007 921 1065; baseline 0.001 -16"><span class='ocrx_word' id='word_1_115' title='bbox 224 1007 452 1058; x_wconf 87' lang='lat' dir='ltr'>Philonem,</span> <span class='ocrx_word' id='word_1_116' title='bbox 479 1014 520 1051; x_wconf 90' lang='lat' dir='ltr'>et</span> <span class='ocrx_word' id='word_1_117' title='bbox 543 1009 653 1065; x_wconf 87' lang='lat' dir='ltr'>apud</span> <span class='ocrx_word' id='word_1_118' title='bbox 678 1010 708 1051; x_wconf 92' lang='lat' dir='ltr'><strong>J</strong></span> <span class='ocrx_word' id='word_1_119' title='bbox 712 1009 921 1065; x_wconf 89' lang='lat' dir='ltr'>osephum.</span> 
     </span>
    </p>

    <p class='ocr_par' dir='ltr' id='par_1_10' title="bbox 224 1073 1684 1395">
     <span class='ocr_line' id='line_1_15' title="bbox 326 1073 1684 1130; baseline 0.003 -15"><span class='ocrx_word' id='word_1_120' title='bbox 326 1075 351 1115; x_wconf 88' lang='grc'>6</span> <span class='ocrx_word' id='word_1_121' title='bbox 401 1075 505 1116; x_wconf 87' lang='lat' dir='ltr'>Tum</span> <span class='ocrx_word' id='word_1_122' title='bbox 530 1089 628 1116; x_wconf 91' lang='lat' dir='ltr'>vero</span> <span class='ocrx_word' id='word_1_123' title='bbox 651 1075 762 1130; x_wconf 89' lang='lat' dir='ltr'>apud</span> <span class='ocrx_word' id='word_1_124' title='bbox 785 1074 933 1116; x_wconf 87' lang='lat' dir='ltr'>multos</span> <span class='ocrx_word' id='word_1_125' title='bbox 963 1074 1134 1130; x_wconf 89' lang='lat' dir='ltr'>populos</span> <span class='ocrx_word' id='word_1_126' title='bbox 1155 1079 1198 1117; x_wconf 91' lang='lat' dir='ltr'>et</span> <span class='ocrx_word' id='word_1_127' title='bbox 1221 1073 1393 1116; x_wconf 89' lang='lat' dir='ltr'>dominis</span> <span class='ocrx_word' id='word_1_128' title='bbox 1416 1073 1458 1116; x_wconf 91' lang='lat' dir='ltr'>in</span> <span class='ocrx_word' id='word_1_129' title='bbox 1479 1089 1620 1117; x_wconf 87' lang='lat' dir='ltr'>servos</span> <span class='ocrx_word' id='word_1_130' title='bbox 1642 1081 1684 1119; x_wconf 85' lang='lat' dir='ltr'>et</span> 
     </span>
     <span class='ocr_line' id='line_1_16' title="bbox 225 1139 1684 1197; baseline 0.003 -17"><span class='ocrx_word' id='word_1_131' title='bbox 225 1139 463 1195; x_wconf 89' lang='lat' dir='ltr'>parentibus</span> <span class='ocrx_word' id='word_1_132' title='bbox 494 1139 536 1181; x_wconf 92' lang='lat' dir='ltr'>in</span> <span class='ocrx_word' id='word_1_133' title='bbox 569 1140 720 1182; x_wconf 87' lang='lat' dir='ltr'>liberos</span> <span class='ocrx_word' id='word_1_134' title='bbox 751 1139 901 1181; x_wconf 87' lang='lat' dir='ltr'>mansit</span> <span class='ocrx_word' id='word_1_135' title='bbox 925 1139 993 1196; x_wconf 84' lang='lat' dir='ltr'>jus</span> <span class='ocrx_word' id='word_1_136' title='bbox 1028 1140 1224 1195; x_wconf 88' lang='lat' dir='ltr'>puniendi</span> <span class='ocrx_word' id='word_1_137' title='bbox 1254 1140 1433 1197; x_wconf 90' lang='lat' dir='ltr'>plenum,</span> <span class='ocrx_word' id='word_1_138' title='bbox 1474 1141 1598 1183; x_wconf 90' lang='lat' dir='ltr'>etiam</span> <span class='ocrx_word' id='word_1_139' title='bbox 1630 1141 1684 1184; x_wconf 91' lang='lat' dir='ltr'>ad</span> 
     </span>
     <span class='ocr_line' id='line_1_17' title="bbox 225 1205 1684 1261; baseline 0.002 -15"><span class='ocrx_word' id='word_1_140' title='bbox 225 1211 400 1247; x_wconf 89' lang='lat' dir='ltr'>mortem</span> <span class='ocrx_word' id='word_1_141' title='bbox 436 1219 576 1260; x_wconf 88' lang='lat' dir='ltr'>usque.</span> <span class='ocrx_word' id='word_1_142' title='bbox 648 1205 714 1247; x_wconf 89' lang='lat' dir='ltr'>Sic</span> <span class='ocrx_word' id='word_1_143' title='bbox 758 1205 921 1261; x_wconf 76' lang='lat' dir='ltr'>Spartae</span> <span class='ocrx_word' id='word_1_144' title='bbox 961 1206 1140 1261; x_wconf 86' lang='lat' dir='ltr'>Ephoris</span> <span class='ocrx_word' id='word_1_145' title='bbox 1180 1206 1293 1248; x_wconf 90' lang='lat' dir='ltr'>licuit</span> <span class='ocrx_word' id='word_1_146' title='bbox 1330 1206 1459 1249; x_wconf 84' lang='lat' dir='ltr'>civem</span> <span class='ocrx_word' id='word_1_147' title='bbox 1499 1207 1684 1249; x_wconf 88' lang='lat' dir='ltr'>occidere</span> 
     </span>
     <span class='ocr_line' id='line_1_18' title="bbox 224 1270 1684 1327; baseline 0.003 -16"><span class='ocrx_word' id='word_1_148' title='bbox 224 1276 345 1312; x_wconf 84' lang='lat' dir='ltr'>extra</span> <span class='ocrx_word' id='word_1_149' title='bbox 361 1270 571 1327; x_wconf 88' lang='lat' dir='ltr'>judicium.</span> <span class='ocrx_word' id='word_1_150' title='bbox 615 1271 673 1314; x_wconf 88' lang='lat' dir='ltr'>Et</span> <span class='ocrx_word' id='word_1_151' title='bbox 689 1286 744 1313; x_wconf 83' lang='lat' dir='ltr'>ex</span> <span class='ocrx_word' id='word_1_152' title='bbox 769 1271 832 1313; x_wconf 88' lang='lat' dir='ltr'>his</span> <span class='ocrx_word' id='word_1_153' title='bbox 853 1271 1016 1327; x_wconf 89' lang='lat' dir='ltr'>quidem</span> <span class='ocrx_word' id='word_1_154' title='bbox 1042 1286 1135 1327; x_wconf 85' lang='lat' dir='ltr'>quae</span> <span class='ocrx_word' id='word_1_155' title='bbox 1160 1272 1336 1314; x_wconf 83' lang='lat' dir='ltr'>diximus</span> <span class='ocrx_word' id='word_1_156' title='bbox 1357 1272 1478 1327; x_wconf 85' lang='lat' dir='ltr'>quale</span> <span class='ocrx_word' id='word_1_157' title='bbox 1501 1272 1554 1315; x_wconf 90' lang='lat' dir='ltr'>sit</span> <span class='ocrx_word' id='word_1_158' title='bbox 1577 1272 1684 1315; x_wconf 83' lang='lat' dir='ltr'>circa</span> 
     </span>
     <span class='ocr_line' id='line_1_19' title="bbox 224 1336 1532 1395; baseline 0.002 -17"><span class='ocrx_word' id='word_1_159' title='bbox 224 1350 367 1392; x_wconf 86' lang='lat' dir='ltr'>poenas</span> <span class='ocrx_word' id='word_1_160' title='bbox 384 1336 453 1393; x_wconf 87' lang='lat' dir='ltr'>jus</span> <span class='ocrx_word' id='word_1_161' title='bbox 476 1342 649 1387; x_wconf 86' lang='lat' dir='ltr'>naturae,</span> <span class='ocrx_word' id='word_1_162' title='bbox 675 1343 717 1379; x_wconf 92' lang='lat' dir='ltr'>et</span> <span class='ocrx_word' id='word_1_163' title='bbox 740 1352 951 1393; x_wconf 91' lang='lat' dir='ltr'>quousque</span> <span class='ocrx_word' id='word_1_164' title='bbox 972 1337 1168 1380; x_wconf 82' lang='lat' dir='ltr'>manserit</span> <span class='ocrx_word' id='word_1_165' title='bbox 1191 1337 1364 1395; x_wconf 83' lang='lat' dir='ltr'>intelligi</span> <span class='ocrx_word' id='word_1_166' title='bbox 1386 1344 1532 1393; x_wconf 88' lang='lat' dir='ltr'>potest.</span> 
     </span>
    </p>

    <p class='ocr_par' dir='ltr' id='par_1_11' title="bbox 325 1402 1684 1461">
     <span class='ocr_line' id='line_1_20' title="bbox 325 1402 1684 1461; baseline 0.002 -17"><span class='ocrx_word' id='word_1_167' title='bbox 325 1403 378 1445; x_wconf 93' lang='lat' dir='ltr'>X.</span> <span class='ocrx_word' id='word_1_168' title='bbox 444 1404 469 1444; x_wconf 82' lang='lat'>1</span> <span class='ocrx_word' id='word_1_169' title='bbox 516 1403 557 1445; x_wconf 92' lang='lat' dir='ltr'>N</span> <span class='ocrx_word' id='word_1_170' title='bbox 561 1418 637 1445; x_wconf 89' lang='lat' dir='ltr'>unc</span> <span class='ocrx_word' id='word_1_171' title='bbox 679 1403 781 1445; x_wconf 90' lang='lat' dir='ltr'>illud</span> <span class='ocrx_word' id='word_1_172' title='bbox 821 1402 1042 1446; x_wconf 88' lang='lat' dir='ltr'>videndum</span> <span class='ocrx_word' id='word_1_173' title='bbox 1083 1408 1158 1453; x_wconf 88' lang='lat' dir='ltr'>est,</span> <span class='ocrx_word' id='word_1_174' title='bbox 1201 1418 1298 1445; x_wconf 91' lang='lat' dir='ltr'>num</span> <span class='ocrx_word' id='word_1_175' title='bbox 1339 1404 1406 1445; x_wconf 81' lang='lat' dir='ltr'>lex</span> <span class='ocrx_word' id='word_1_176' title='bbox 1445 1404 1684 1461; x_wconf 85' lang='lat' dir='ltr'>evangelica</span> 
     </span>
    </p>
   </div>
   <div class='ocr_carea' id='block_1_10' title="bbox 222 1519 922 2101">
    <p class='ocr_par' dir='ltr' id='par_1_12' title="bbox 224 1519 922 1756">
     <span class='ocr_line' id='line_1_21' title="bbox 224 1519 921 1558; baseline -0.001 -10"><span class='ocrx_word' id='word_1_177' title='bbox 224 1519 449 1548; x_wconf 75' lang='lat' dir='ltr'>Doetissimum</span> <span class='ocrx_word' id='word_1_178' title='bbox 465 1520 688 1558; x_wconf 86' lang='lat' dir='ltr'>Interpretem,</span> <span class='ocrx_word' id='word_1_179' title='bbox 712 1529 805 1558; x_wconf 86' lang='lat' dir='ltr'>quem</span> <span class='ocrx_word' id='word_1_180' title='bbox 827 1519 921 1548; x_wconf 90' lang='lat' dir='ltr'>modo</span> 
     </span>
     <span class='ocr_line' id='line_1_22' title="bbox 224 1569 922 1605; baseline 0 -8"><span class='ocrx_word' id='word_1_181' title='bbox 224 1569 360 1605; x_wconf 84' lang='lat' dir='ltr'>laudavi,</span> <span class='ocrx_word' id='word_1_182' title='bbox 382 1569 412 1597; x_wconf 87' lang='lat' dir='ltr'>in</span> <span class='ocrx_word' id='word_1_183' title='bbox 439 1571 534 1598; x_wconf 88' lang='lat' dir='ltr'>Num.</span> <span class='ocrx_word' id='word_1_184' title='bbox 558 1579 630 1598; x_wconf 84' lang='lat' dir='ltr'>xxv.</span> <span class='ocrx_word' id='word_1_185' title='bbox 654 1571 682 1599; x_wconf 86' lang='lat'>7.</span> <span class='ocrx_word' id='word_1_186' title='bbox 713 1572 745 1598; x_wconf 85' lang='lat' dir='ltr'>et</span> <span class='ocrx_word' id='word_1_187' title='bbox 774 1569 922 1598; x_wconf 86' lang='lat' dir='ltr'>Celeber-</span> 
     </span>
     <span class='ocr_line' id='line_1_23' title="bbox 224 1619 922 1648; baseline 0 -1"><span class='ocrx_word' id='word_1_188' title='bbox 224 1619 294 1647; x_wconf 89' lang='lat' dir='ltr'>rimi</span> <span class='ocrx_word' id='word_1_189' title='bbox 310 1619 342 1648; x_wconf 89' lang='lat' dir='ltr'>J.</span> <span class='ocrx_word' id='word_1_190' title='bbox 358 1619 419 1648; x_wconf 77' lang='lat' dir='ltr'>Fn.</span> <span class='ocrx_word' id='word_1_191' title='bbox 433 1619 570 1648; x_wconf 76' lang='lat' dir='ltr'>Bonum</span> <span class='ocrx_word' id='word_1_192' title='bbox 591 1619 853 1648; x_wconf 84' lang='lat' dir='ltr'>Dissertationem</span> <span class='ocrx_word' id='word_1_193' title='bbox 869 1619 922 1647; x_wconf 88' lang='lat' dir='ltr'>De</span> 
     </span>
     <span class='ocr_line' id='line_1_24' title="bbox 224 1667 920 1705; baseline 0.004 -9"><span class='ocrx_word' id='word_1_194' title='bbox 224 1667 305 1697; x_wconf 84' lang='lat' dir='ltr'>Jure</span> <span class='ocrx_word' id='word_1_195' title='bbox 320 1668 498 1696; x_wconf 76' lang='lat' dir='ltr'>Zelotarum</span> <span class='ocrx_word' id='word_1_196' title='bbox 512 1669 544 1697; x_wconf 84' lang='lat' dir='ltr'>in</span> <span class='ocrx_word' id='word_1_197' title='bbox 561 1668 657 1698; x_wconf 77' lang='lat' dir='ltr'>Gente</span> <span class='ocrx_word' id='word_1_198' title='bbox 670 1668 816 1704; x_wconf 57' lang='lat' dir='ltr'>Hebrum,</span> <span class='ocrx_word' id='word_1_199' title='bbox 838 1667 855 1705; x_wconf 68' lang='grc' dir='ltr'>ἓ</span> <span class='ocrx_word' id='word_1_200' title='bbox 870 1670 920 1699; x_wconf 72' lang='lat'>34.</span> 
     </span>
     <span class='ocr_line' id='line_1_25' title="bbox 224 1718 482 1756; baseline 0 -10"><span class='ocrx_word' id='word_1_201' title='bbox 224 1721 251 1746; x_wconf 81' lang='lat' dir='ltr'>et</span> <span class='ocrx_word' id='word_1_202' title='bbox 265 1727 349 1756; x_wconf 83' lang='lat' dir='ltr'>seqq.</span> <span class='ocrx_word' id='word_1_203' title='bbox 391 1718 426 1747; x_wconf 87' lang='lat' dir='ltr'>J.</span> <span class='ocrx_word' id='word_1_204' title='bbox 440 1718 482 1746; x_wconf 91' lang='lat' dir='ltr'>B.</span> 
     </span>
    </p>

    <p class='ocr_par' dir='ltr' id='par_1_13' title="bbox 222 1767 920 2101">
     <span class='ocr_line' id='line_1_26' title="bbox 283 1767 919 1805; baseline 0 -10"><span class='ocrx_word' id='word_1_205' title='bbox 283 1772 305 1787; x_wconf 86' lang='lat'>¹¹¹</span> <span class='ocrx_word' id='word_1_206' title='bbox 337 1767 433 1805; x_wconf 82' lang='lat' dir='ltr'>Apud</span> <span class='ocrx_word' id='word_1_207' title='bbox 459 1767 636 1805; x_wconf 80' lang='lat' dir='ltr'>Philonem]</span> <span class='ocrx_word' id='word_1_208' title='bbox 673 1767 774 1805; x_wconf 88' lang='lat' dir='ltr'>Cujus</span> <span class='ocrx_word' id='word_1_209' title='bbox 801 1769 833 1796; x_wconf 89' lang='lat' dir='ltr'>et</span> <span class='ocrx_word' id='word_1_210' title='bbox 861 1767 919 1795; x_wconf 91' lang='lat' dir='ltr'>hoe</span> 
     </span>
     <span class='ocr_line' id='line_1_27' title="bbox 223 1815 920 1854; baseline 0 -10"><span class='ocrx_word' id='word_1_211' title='bbox 223 1815 254 1844; x_wconf 90' lang='lat' dir='ltr'>in</span> <span class='ocrx_word' id='word_1_212' title='bbox 274 1816 356 1844; x_wconf 87' lang='lat' dir='ltr'>libro</span> <span class='ocrx_word' id='word_1_213' title='bbox 376 1816 412 1845; x_wconf 80' lang='lat' dir='ltr'>cle</span> <span class='ocrx_word' id='word_1_214' title='bbox 432 1816 710 1854; x_wconf 66' lang='lat' dir='ltr'>Sacrfficczntibzts:</span> <span class='ocrx_word' id='word_1_215' title='bbox 734 1816 920 1845; x_wconf 71' lang='grc' dir='ltr'>κολαστέον</span> 
     </span>
     <span class='ocr_line' id='line_1_28' title="bbox 222 1865 919 1905; baseline 0.001 -11"><span class='ocrx_word' id='word_1_216' title='bbox 222 1865 263 1894; x_wconf 65' lang='grc' dir='ltr'>οἷς</span> <span class='ocrx_word' id='word_1_217' title='bbox 277 1865 390 1902; x_wconf 56' lang='lat' dir='ltr'>&amp;incon</span> <span class='ocrx_word' id='word_1_218' title='bbox 404 1866 456 1894; x_wconf 77' lang='grc' dir='ltr'>καὶ</span> <span class='ocrx_word' id='word_1_219' title='bbox 471 1867 579 1895; x_wconf 82' lang='grc' dir='ltr'>κοινὸν</span> <span class='ocrx_word' id='word_1_220' title='bbox 595 1866 714 1905; x_wconf 81' lang='grc' dir='ltr'>ἐχθρὸν</span> <span class='ocrx_word' id='word_1_221' title='bbox 733 1867 825 1902; x_wconf 77' lang='grc' dir='ltr'>ὄντα,</span> <span class='ocrx_word' id='word_1_222' title='bbox 848 1866 919 1895; x_wconf 82' lang='grc' dir='ltr'>ὀλί-</span> 
     </span>
     <span class='ocr_line' id='line_1_29' title="bbox 223 1912 920 1951; baseline 0 -10"><span class='ocrx_word' id='word_1_223' title='bbox 223 1923 269 1951; x_wconf 77' lang='grc' dir='ltr'>γα</span> <span class='ocrx_word' id='word_1_224' title='bbox 287 1914 536 1950; x_wconf 79' lang='grc' dir='ltr'>φροντίσαντας</span> <span class='ocrx_word' id='word_1_225' title='bbox 551 1913 767 1947; x_wconf 70' lang='grc' dir='ltr'>οἰκειότητος,</span> <span class='ocrx_word' id='word_1_226' title='bbox 789 1913 842 1941; x_wconf 84' lang='grc' dir='ltr'>καὶ</span> <span class='ocrx_word' id='word_1_227' title='bbox 858 1912 920 1942; x_wconf 62' lang='lat' dir='ltr'>*rtis</span> 
     </span>
     <span class='ocr_line' id='line_1_30' title="bbox 222 1963 918 2002; baseline 0.001 -11"><span class='ocrx_word' id='word_1_228' title='bbox 222 1963 432 2001; x_wconf 77' lang='grc' dir='ltr'>παραινέσεις</span> <span class='ocrx_word' id='word_1_229' title='bbox 456 1964 558 1992; x_wconf 77' lang='grc' dir='ltr'>αὐτοῦ</span> <span class='ocrx_word' id='word_1_230' title='bbox 586 1963 809 2002; x_wconf 72' lang='grc' dir='ltr'>ὃιαγγελτέον</span> <span class='ocrx_word' id='word_1_231' title='bbox 831 1965 918 1993; x_wconf 81' lang='grc' dir='ltr'>πᾶσι</span> 
     </span>
     <span class='ocr_line' id='line_1_31' title="bbox 224 2013 918 2050; baseline 0.001 -9"><span class='ocrx_word' id='word_1_232' title='bbox 224 2015 295 2041; x_wconf 81' lang='grc' dir='ltr'>τοῖς</span> <span class='ocrx_word' id='word_1_233' title='bbox 311 2013 479 2050; x_wconf 68' lang='grc' dir='ltr'>εὐσεβείας</span> <span class='ocrx_word' id='word_1_234' title='bbox 498 2013 668 2050; x_wconf 78' lang='grc' dir='ltr'>ἐρασταῖς,</span> <span class='ocrx_word' id='word_1_235' title='bbox 689 2014 720 2042; x_wconf 79' lang='grc' dir='ltr'>οἳ</span> <span class='ocrx_word' id='word_1_236' title='bbox 740 2013 918 2050; x_wconf 75' lang='grc' dir='ltr'>α’νυπερθέ-</span> 
     </span>
     <span class='ocr_line' id='line_1_32' title="bbox 223 2061 917 2101; baseline 0.003 -12"><span class='ocrx_word' id='word_1_237' title='bbox 223 2073 271 2100; x_wconf 83' lang='grc' dir='ltr'>τῳ</span> <span class='ocrx_word' id='word_1_238' title='bbox 287 2061 387 2100; x_wconf 79' lang='grc' dir='ltr'>τάχει</span> <span class='ocrx_word' id='word_1_239' title='bbox 401 2065 477 2092; x_wconf 74' lang='grc' dir='ltr'>ταῖς</span> <span class='ocrx_word' id='word_1_240' title='bbox 488 2062 561 2092; x_wconf 80' lang='grc' dir='ltr'>κατ’</span> <span class='ocrx_word' id='word_1_241' title='bbox 574 2062 688 2101; x_wconf 71' lang='grc' dir='ltr'>ἀνδρὸς</span> <span class='ocrx_word' id='word_1_242' title='bbox 700 2062 830 2092; x_wconf 72' lang='grc' dir='ltr'>ἀνοσίου</span> <span class='ocrx_word' id='word_1_243' title='bbox 845 2063 917 2092; x_wconf 74' lang='grc' dir='ltr'>ἐπι-</span> 
     </span>
    </p>
   </div>
   <div class='ocr_carea' id='block_1_11' title="bbox 984 1519 1685 2106">
    <p class='ocr_par' dir='ltr' id='par_1_14' title="bbox 984 1519 1685 2106">
     <span class='ocr_line' id='line_1_33' title="bbox 988 1519 1684 1557; baseline 0.001 -9"><span class='ocrx_word' id='word_1_244' title='bbox 988 1519 1190 1557; x_wconf 78' lang='grc' dir='ltr'>δραμοῦνται</span> <span class='ocrx_word' id='word_1_245' title='bbox 1217 1519 1401 1557; x_wconf 80' lang='grc' dir='ltr'>τιμωρίαις,</span> <span class='ocrx_word' id='word_1_246' title='bbox 1437 1520 1605 1556; x_wconf 78' lang='grc' dir='ltr'>κρίνοντες</span> <span class='ocrx_word' id='word_1_247' title='bbox 1632 1521 1684 1549; x_wconf 82' lang='grc' dir='ltr'>εὐ-</span> 
     </span>
     <span class='ocr_line' id='line_1_34' title="bbox 988 1568 1684 1608; baseline 0.006 -12"><span class='ocrx_word' id='word_1_248' title='bbox 988 1569 1067 1606; x_wconf 80' lang='grc' dir='ltr'>αγὲς</span> <span class='ocrx_word' id='word_1_249' title='bbox 1091 1568 1133 1597; x_wconf 83' lang='grc' dir='ltr'>τὸ</span> <span class='ocrx_word' id='word_1_250' title='bbox 1156 1568 1229 1597; x_wconf 79' lang='grc' dir='ltr'>κατ’</span> <span class='ocrx_word' id='word_1_251' title='bbox 1253 1569 1353 1597; x_wconf 81' lang='grc' dir='ltr'>αὑτοῦ</span> <span class='ocrx_word' id='word_1_252' title='bbox 1374 1571 1492 1608; x_wconf 79' lang='grc' dir='ltr'>φονᾷν·</span> <span class='ocrx_word' id='word_1_253' title='bbox 1506 1571 1684 1607; x_wconf 81' lang='lat' dir='ltr'>puniendus</span> 
     </span>
     <span class='ocr_line' id='line_1_35' title="bbox 986 1618 1685 1658; baseline 0.007 -13"><span class='ocrx_word' id='word_1_254' title='bbox 986 1618 1062 1646; x_wconf 70' lang='lat' dir='ltr'>talis</span> <span class='ocrx_word' id='word_1_255' title='bbox 1082 1622 1115 1646; x_wconf 84' lang='lat' dir='ltr'>ut</span> <span class='ocrx_word' id='word_1_256' title='bbox 1136 1618 1232 1647; x_wconf 78' lang='lat' dir='ltr'>hostis</span> <span class='ocrx_word' id='word_1_257' title='bbox 1249 1618 1392 1656; x_wconf 80' lang='lat' dir='ltr'>publicus</span> <span class='ocrx_word' id='word_1_258' title='bbox 1415 1620 1557 1656; x_wconf 79' lang='lat' dir='ltr'>omnium,</span> <span class='ocrx_word' id='word_1_259' title='bbox 1577 1625 1685 1658; x_wconf 79' lang='lat' dir='ltr'>spreta</span> 
     </span>
     <span class='ocr_line' id='line_1_36' title="bbox 987 1667 1684 1706; baseline 0.007 -12"><span class='ocrx_word' id='word_1_260' title='bbox 987 1667 1194 1705; x_wconf 70' lang='lat' dir='ltr'>qualicunque</span> <span class='ocrx_word' id='word_1_261' title='bbox 1216 1677 1283 1696; x_wconf 83' lang='lat' dir='ltr'>cum</span> <span class='ocrx_word' id='word_1_262' title='bbox 1301 1677 1335 1696; x_wconf 82' lang='lat' dir='ltr'>eo</span> <span class='ocrx_word' id='word_1_263' title='bbox 1356 1669 1583 1706; x_wconf 75' lang='lat' dir='ltr'>necessitudine,</span> <span class='ocrx_word' id='word_1_264' title='bbox 1604 1670 1684 1706; x_wconf 71' lang='lat' dir='ltr'>ejus-</span> 
     </span>
     <span class='ocr_line' id='line_1_37' title="bbox 987 1717 1684 1757; baseline 0.007 -13"><span class='ocrx_word' id='word_1_265' title='bbox 987 1726 1044 1754; x_wconf 86' lang='lat' dir='ltr'>que</span> <span class='ocrx_word' id='word_1_266' title='bbox 1063 1717 1224 1746; x_wconf 73' lang='lat' dir='ltr'>suasiones</span> <span class='ocrx_word' id='word_1_267' title='bbox 1243 1718 1404 1756; x_wconf 72' lang='lat' dir='ltr'>vulqrmdae</span> <span class='ocrx_word' id='word_1_268' title='bbox 1425 1719 1563 1748; x_wconf 79' lang='lat' dir='ltr'>munibus</span> <span class='ocrx_word' id='word_1_269' title='bbox 1577 1720 1684 1757; x_wconf 74' lang='lat' dir='ltr'>pieta-</span> 
     </span>
     <span class='ocr_line' id='line_1_38' title="bbox 987 1767 1685 1803; baseline 0.007 -9"><span class='ocrx_word' id='word_1_270' title='bbox 987 1769 1044 1795; x_wconf 76' lang='lat' dir='ltr'>tem</span> <span class='ocrx_word' id='word_1_271' title='bbox 1063 1767 1247 1803; x_wconf 78' lang='lat' dir='ltr'>amantibus,</span> <span class='ocrx_word' id='word_1_272' title='bbox 1268 1770 1302 1796; x_wconf 82' lang='lat' dir='ltr'>ut</span> <span class='ocrx_word' id='word_1_273' title='bbox 1322 1768 1388 1796; x_wconf 81' lang='lat' dir='ltr'>sine</span> <span class='ocrx_word' id='word_1_274' title='bbox 1408 1778 1497 1797; x_wconf 81' lang='lat' dir='ltr'>mora</span> <span class='ocrx_word' id='word_1_275' title='bbox 1515 1773 1685 1799; x_wconf 72' lang='lat' dir='ltr'>accurrant</span> 
     </span>
     <span class='ocr_line' id='line_1_39' title="bbox 986 1815 1683 1856; baseline 0.006 -14"><span class='ocrx_word' id='word_1_276' title='bbox 986 1816 1120 1853; x_wconf 80' lang='lat' dir='ltr'>undiquc</span> <span class='ocrx_word' id='word_1_277' title='bbox 1144 1815 1188 1844; x_wconf 87' lang='lat' dir='ltr'>ad</span> <span class='ocrx_word' id='word_1_278' title='bbox 1208 1816 1407 1853; x_wconf 68' lang='lat' dir='ltr'>expetendum</span> <span class='ocrx_word' id='word_1_279' title='bbox 1435 1817 1472 1845; x_wconf 80' lang='lat' dir='ltr'>de</span> <span class='ocrx_word' id='word_1_280' title='bbox 1497 1818 1566 1845; x_wconf 83' lang='lat' dir='ltr'>viro</span> <span class='ocrx_word' id='word_1_281' title='bbox 1588 1819 1683 1856; x_wconf 83' lang='lat' dir='ltr'>impio</span> 
     </span>
     <span class='ocr_line' id='line_1_40' title="bbox 985 1866 1684 1904; baseline 0.007 -11"><span class='ocrx_word' id='word_1_282' title='bbox 985 1866 1181 1903; x_wconf 75' lang='lat' dir='ltr'>supplicium,</span> <span class='ocrx_word' id='word_1_283' title='bbox 1188 1867 1284 1904; x_wconf 85' lang='lat' dir='ltr'>firme</span> <span class='ocrx_word' id='word_1_284' title='bbox 1299 1867 1453 1896; x_wconf 79' lang='lat' dir='ltr'>credentes</span> <span class='ocrx_word' id='word_1_285' title='bbox 1466 1871 1607 1897; x_wconf 80' lang='lat' dir='ltr'>sanctam</span> <span class='ocrx_word' id='word_1_286' title='bbox 1621 1878 1684 1898; x_wconf 79' lang='lat' dir='ltr'>esse</span> 
     </span>
     <span class='ocr_line' id='line_1_41' title="bbox 986 1915 1684 1956; baseline 0.006 -13"><span class='ocrx_word' id='word_1_287' title='bbox 986 1924 1049 1944; x_wconf 84' lang='lat' dir='ltr'>rem</span> <span class='ocrx_word' id='word_1_288' title='bbox 1062 1915 1210 1952; x_wconf 61' lang='lat' dir='ltr'>ejusmodi</span> <span class='ocrx_word' id='word_1_289' title='bbox 1225 1917 1356 1945; x_wconf 79' lang='lat' dir='ltr'>hominis</span> <span class='ocrx_word' id='word_1_290' title='bbox 1369 1917 1574 1955; x_wconf 71' lang='lat' dir='ltr'>interficiendi</span> <span class='ocrx_word' id='word_1_291' title='bbox 1588 1927 1684 1956; x_wconf 81' lang='lat' dir='ltr'>appe-</span> 
     </span>
     <span class='ocr_line' id='line_1_42' title="bbox 984 1965 1684 2005; baseline 0.006 -12"><span class='ocrx_word' id='word_1_292' title='bbox 984 1965 1082 1995; x_wconf 78' lang='lat' dir='ltr'>titum.</span> <span class='ocrx_word' id='word_1_293' title='bbox 1124 1965 1220 2004; x_wconf 81' lang='lat' dir='ltr'>(Pag.</span> <span class='ocrx_word' id='word_1_294' title='bbox 1241 1968 1300 1996; x_wconf 82' lang='lat'>855</span> <span class='ocrx_word' id='word_1_295' title='bbox 1322 1967 1373 2005; x_wconf 81' lang='grc' dir='ltr'>Ε.)</span> <span class='ocrx_word' id='word_1_296' title='bbox 1422 1968 1465 1996; x_wconf 89' lang='lat' dir='ltr'>Et</span> <span class='ocrx_word' id='word_1_297' title='bbox 1490 1968 1572 1997; x_wconf 83' lang='lat' dir='ltr'>alter</span> <span class='ocrx_word' id='word_1_298' title='bbox 1593 1968 1684 1998; x_wconf 87' lang='lat' dir='ltr'>locus</span> 
     </span>
     <span class='ocr_line' id='line_1_43' title="bbox 985 2015 1684 2054; baseline 0.007 -11"><span class='ocrx_word' id='word_1_299' title='bbox 985 2024 1047 2044; x_wconf 92' lang='lat' dir='ltr'>non</span> <span class='ocrx_word' id='word_1_300' title='bbox 1070 2015 1172 2044; x_wconf 82' lang='lat' dir='ltr'>minus</span> <span class='ocrx_word' id='word_1_301' title='bbox 1191 2016 1322 2054; x_wconf 82' lang='lat' dir='ltr'>insignis</span> <span class='ocrx_word' id='word_1_302' title='bbox 1345 2017 1427 2046; x_wconf 82' lang='lat' dir='ltr'>eirea</span> <span class='ocrx_word' id='word_1_303' title='bbox 1445 2017 1539 2047; x_wconf 88' lang='lat' dir='ltr'>finem</span> <span class='ocrx_word' id='word_1_304' title='bbox 1560 2018 1599 2048; x_wconf 86' lang='lat' dir='ltr'>de</span> <span class='ocrx_word' id='word_1_305' title='bbox 1618 2028 1684 2048; x_wconf 86' lang='lat' dir='ltr'>mo-</span> 
     </span>
     <span class='ocr_line' id='line_1_44' title="bbox 985 2064 1540 2106; baseline 0.007 -14"><span class='ocrx_word' id='word_1_306' title='bbox 985 2064 1115 2093; x_wconf 86' lang='lat' dir='ltr'>narchia</span> <span class='ocrx_word' id='word_1_307' title='bbox 1130 2065 1217 2103; x_wconf 88' lang='lat' dir='ltr'>(Lib.</span> <span class='ocrx_word' id='word_1_308' title='bbox 1233 2074 1255 2095; x_wconf 89' lang='lat'>1.</span> <span class='ocrx_word' id='word_1_309' title='bbox 1278 2075 1353 2104; x_wconf 79' lang='lat' dir='ltr'>pag.</span> <span class='ocrx_word' id='word_1_310' title='bbox 1369 2068 1438 2103; x_wconf 81' lang='lat'>818,</span> <span class='ocrx_word' id='word_1_311' title='bbox 1451 2067 1540 2106; x_wconf 78' lang='lat'>819.)</span> 
     </span>
    </p>
   </div>
   <div class='ocr_carea' id='block_1_12' title="bbox 226 2228 1683 2959">
    <p class='ocr_par' dir='ltr' id='par_1_15' title="bbox 226 2228 1681 2560">
     <span class='ocr_line' id='line_1_45' title="bbox 226 2228 1681 2276; baseline 0.004 -12"><span class='ocrx_word' id='word_1_312' title='bbox 226 2229 296 2265; x_wconf 82' lang='lat' dir='ltr'>eall</span> <span class='ocrx_word' id='word_1_313' title='bbox 317 2230 346 2264; x_wconf 89' lang='lat' dir='ltr'>it</span> <span class='ocrx_word' id='word_1_314' title='bbox 373 2228 608 2275; x_wconf 76' lang='lat' dir='ltr'>ajudgment</span> <span class='ocrx_word' id='word_1_315' title='bbox 633 2230 676 2264; x_wconf 87' lang='lat' dir='ltr'>of</span> <span class='ocrx_word' id='word_1_316' title='bbox 692 2230 780 2270; x_wconf 88' lang='lat' dir='ltr'>zcal,</span> <span class='ocrx_word' id='word_1_317' title='bbox 808 2230 852 2264; x_wconf 89' lang='lat' dir='ltr'>of</span> <span class='ocrx_word' id='word_1_318' title='bbox 875 2229 993 2265; x_wconf 87' lang='lat' dir='ltr'>which</span> <span class='ocrx_word' id='word_1_319' title='bbox 1023 2230 1114 2276; x_wconf 82' lang='lat' dir='ltr'>they</span> <span class='ocrx_word' id='word_1_320' title='bbox 1139 2241 1204 2276; x_wconf 81' lang='lat' dir='ltr'>say</span> <span class='ocrx_word' id='word_1_321' title='bbox 1231 2230 1391 2266; x_wconf 85' lang='lat' dir='ltr'>Phineas</span> <span class='ocrx_word' id='word_1_322' title='bbox 1418 2235 1475 2267; x_wconf 87' lang='lat' dir='ltr'>set</span> <span class='ocrx_word' id='word_1_323' title='bbox 1505 2232 1569 2268; x_wconf 88' lang='lat' dir='ltr'>the</span> <span class='ocrx_word' id='word_1_324' title='bbox 1600 2233 1681 2270; x_wconf 85' lang='lat' dir='ltr'>first</span> 
     </span>
     <span class='ocr_line' id='line_1_46' title="bbox 226 2284 1680 2331; baseline 0.003 -10"><span class='ocrx_word' id='word_1_325' title='bbox 226 2287 405 2331; x_wconf 84' lang='lat' dir='ltr'>example.</span> <span class='ocrx_word' id='word_1_326' title='bbox 437 2285 592 2328; x_wconf 85' lang='lat' dir='ltr'>(Numb.</span> <span class='ocrx_word' id='word_1_327' title='bbox 613 2284 714 2328; x_wconf 57' lang='lat' dir='ltr'>xxva)</span> <span class='ocrx_word' id='word_1_328' title='bbox 759 2287 808 2320; x_wconf 86' lang='lat' dir='ltr'>So</span> <span class='ocrx_word' id='word_1_329' title='bbox 830 2287 868 2320; x_wconf 90' lang='lat' dir='ltr'>in</span> <span class='ocrx_word' id='word_1_330' title='bbox 890 2287 953 2321; x_wconf 90' lang='lat' dir='ltr'>the</span> <span class='ocrx_word' id='word_1_331' title='bbox 974 2288 1202 2328; x_wconf 77' lang='lat' dir='ltr'>Maccabeos,</span> <span class='ocrx_word' id='word_1_332' title='bbox 1218 2287 1435 2323; x_wconf 82' lang='lat' dir='ltr'>Mattathias</span> <span class='ocrx_word' id='word_1_333' title='bbox 1453 2289 1539 2324; x_wconf 84' lang='lat' dir='ltr'>slew</span> <span class='ocrx_word' id='word_1_334' title='bbox 1559 2302 1581 2325; x_wconf 87' lang='lat' dir='ltr'>a</span> <span class='ocrx_word' id='word_1_335' title='bbox 1600 2292 1680 2326; x_wconf 87' lang='lat' dir='ltr'>Jew</span> 
     </span>
     <span class='ocr_line' id='line_1_47' title="bbox 226 2342 1680 2389; baseline 0.003 -12"><span class='ocrx_word' id='word_1_336' title='bbox 226 2343 410 2389; x_wconf 85' lang='lat' dir='ltr'>polluting</span> <span class='ocrx_word' id='word_1_337' title='bbox 426 2342 578 2376; x_wconf 88' lang='lat' dir='ltr'>himself</span> <span class='ocrx_word' id='word_1_338' title='bbox 598 2342 685 2376; x_wconf 85' lang='lat' dir='ltr'>with</span> <span class='ocrx_word' id='word_1_339' title='bbox 712 2342 836 2377; x_wconf 84' lang='lat' dir='ltr'>Greek</span> <span class='ocrx_word' id='word_1_340' title='bbox 861 2343 973 2385; x_wconf 86' lang='lat' dir='ltr'>rites;</span> <span class='ocrx_word' id='word_1_341' title='bbox 1007 2344 1079 2378; x_wconf 90' lang='lat' dir='ltr'>and</span> <span class='ocrx_word' id='word_1_342' title='bbox 1113 2355 1152 2378; x_wconf 91' lang='lat' dir='ltr'>so</span> <span class='ocrx_word' id='word_1_343' title='bbox 1178 2345 1216 2377; x_wconf 90' lang='lat' dir='ltr'>in</span> <span class='ocrx_word' id='word_1_344' title='bbox 1243 2348 1263 2379; x_wconf 89' lang='lat'>3</span> <span class='ocrx_word' id='word_1_345' title='bbox 1286 2345 1449 2380; x_wconf 79' lang='lat' dir='ltr'>Maeeab.</span> <span class='ocrx_word' id='word_1_346' title='bbox 1484 2349 1552 2381; x_wconf 90' lang='lat'>300</span> <span class='ocrx_word' id='word_1_347' title='bbox 1582 2348 1680 2383; x_wconf 85' lang='lat' dir='ltr'>Jews</span> 
     </span>
     <span class='ocr_line' id='line_1_48' title="bbox 227 2398 1681 2449; baseline 0.006 -18"><span class='ocrx_word' id='word_1_348' title='bbox 227 2410 322 2434; x_wconf 83' lang='lat' dir='ltr'>were</span> <span class='ocrx_word' id='word_1_349' title='bbox 358 2399 472 2433; x_wconf 85' lang='lat' dir='ltr'>killed</span> <span class='ocrx_word' id='word_1_350' title='bbox 502 2399 551 2444; x_wconf 89' lang='lat' dir='ltr'>by</span> <span class='ocrx_word' id='word_1_351' title='bbox 583 2398 681 2433; x_wconf 88' lang='lat' dir='ltr'>their</span> <span class='ocrx_word' id='word_1_352' title='bbox 709 2404 963 2445; x_wconf 83' lang='lat' dir='ltr'>countrymen.</span> <span class='ocrx_word' id='word_1_353' title='bbox 1044 2401 1128 2435; x_wconf 88' lang='lat' dir='ltr'>And</span> <span class='ocrx_word' id='word_1_354' title='bbox 1159 2401 1223 2435; x_wconf 85' lang='lat' dir='ltr'>the</span> <span class='ocrx_word' id='word_1_355' title='bbox 1252 2402 1400 2447; x_wconf 88' lang='lat' dir='ltr'>stoning</span> <span class='ocrx_word' id='word_1_356' title='bbox 1430 2402 1473 2436; x_wconf 85' lang='lat' dir='ltr'>of</span> <span class='ocrx_word' id='word_1_357' title='bbox 1503 2403 1681 2449; x_wconf 90' lang='lat' dir='ltr'>Stephen,</span> 
     </span>
     <span class='ocr_line' id='line_1_49' title="bbox 227 2454 1681 2505; baseline 0.005 -16"><span class='ocrx_word' id='word_1_358' title='bbox 227 2456 300 2490; x_wconf 86' lang='lat' dir='ltr'>and</span> <span class='ocrx_word' id='word_1_359' title='bbox 328 2454 392 2490; x_wconf 89' lang='lat' dir='ltr'>the</span> <span class='ocrx_word' id='word_1_360' title='bbox 425 2456 639 2501; x_wconf 83' lang='lat' dir='ltr'>conspiracy</span> <span class='ocrx_word' id='word_1_361' title='bbox 669 2456 812 2501; x_wconf 80' lang='lat' dir='ltr'>against</span> <span class='ocrx_word' id='word_1_362' title='bbox 837 2457 942 2496; x_wconf 86' lang='lat' dir='ltr'>Paul,</span> <span class='ocrx_word' id='word_1_363' title='bbox 967 2468 1061 2492; x_wconf 90' lang='lat' dir='ltr'>were</span> <span class='ocrx_word' id='word_1_364' title='bbox 1084 2469 1133 2492; x_wconf 90' lang='lat' dir='ltr'>on</span> <span class='ocrx_word' id='word_1_365' title='bbox 1154 2457 1217 2492; x_wconf 88' lang='lat' dir='ltr'>the</span> <span class='ocrx_word' id='word_1_366' title='bbox 1237 2469 1337 2493; x_wconf 79' lang='lat' dir='ltr'>same</span> <span class='ocrx_word' id='word_1_367' title='bbox 1357 2463 1515 2505; x_wconf 85' lang='lat' dir='ltr'>pretext‚</span> <span class='ocrx_word' id='word_1_368' title='bbox 1537 2471 1577 2495; x_wconf 86' lang='lat' dir='ltr'>as</span> <span class='ocrx_word' id='word_1_369' title='bbox 1599 2462 1681 2496; x_wconf 91' lang='lat' dir='ltr'>well</span> 
     </span>
     <span class='ocr_line' id='line_1_50' title="bbox 228 2511 1270 2560; baseline 0.002 -13"><span class='ocrx_word' id='word_1_370' title='bbox 228 2523 268 2547; x_wconf 86' lang='lat' dir='ltr'>as</span> <span class='ocrx_word' id='word_1_371' title='bbox 285 2523 395 2557; x_wconf 85' lang='lat' dir='ltr'>many</span> <span class='ocrx_word' id='word_1_372' title='bbox 412 2511 519 2546; x_wconf 85' lang='lat' dir='ltr'>other</span> <span class='ocrx_word' id='word_1_373' title='bbox 540 2513 725 2558; x_wconf 85' lang='lat' dir='ltr'>examples</span> <span class='ocrx_word' id='word_1_374' title='bbox 744 2513 782 2547; x_wconf 91' lang='lat' dir='ltr'>in</span> <span class='ocrx_word' id='word_1_375' title='bbox 800 2513 908 2548; x_wconf 91' lang='lat' dir='ltr'>Philo</span> <span class='ocrx_word' id='word_1_376' title='bbox 930 2514 1002 2548; x_wconf 83' lang='lat' dir='ltr'>and</span> <span class='ocrx_word' id='word_1_377' title='bbox 1021 2515 1058 2548; x_wconf 92' lang='lat' dir='ltr'>in</span> <span class='ocrx_word' id='word_1_378' title='bbox 1075 2515 1270 2560; x_wconf 88' lang='lat' dir='ltr'>Josephus.</span> 
     </span>
    </p>

    <p class='ocr_par' dir='ltr' id='par_1_16' title="bbox 227 2569 1683 2729">
     <span class='ocr_line' id='line_1_51' title="bbox 298 2569 1681 2620; baseline 0.004 -16"><span class='ocrx_word' id='word_1_379' title='bbox 298 2572 319 2604; x_wconf 83' lang='lat'>6</span> <span class='ocrx_word' id='word_1_380' title='bbox 346 2569 396 2602; x_wconf 90' lang='lat' dir='ltr'>So</span> <span class='ocrx_word' id='word_1_381' title='bbox 413 2569 490 2603; x_wconf 84' lang='lat' dir='ltr'>also</span> <span class='ocrx_word' id='word_1_382' title='bbox 507 2580 642 2614; x_wconf 78' lang='lat' dir='ltr'>among</span> <span class='ocrx_word' id='word_1_383' title='bbox 663 2581 774 2615; x_wconf 86' lang='lat' dir='ltr'>many</span> <span class='ocrx_word' id='word_1_384' title='bbox 789 2571 953 2616; x_wconf 89' lang='lat' dir='ltr'>peoplcs,</span> <span class='ocrx_word' id='word_1_385' title='bbox 975 2576 1128 2606; x_wconf 84' lang='lat' dir='ltr'>masters</span> <span class='ocrx_word' id='word_1_386' title='bbox 1146 2572 1314 2607; x_wconf 83' lang='lat' dir='ltr'>retained</span> <span class='ocrx_word' id='word_1_387' title='bbox 1332 2571 1395 2607; x_wconf 89' lang='lat' dir='ltr'>the</span> <span class='ocrx_word' id='word_1_388' title='bbox 1413 2573 1512 2619; x_wconf 82' lang='lat' dir='ltr'>right</span> <span class='ocrx_word' id='word_1_389' title='bbox 1529 2573 1572 2608; x_wconf 89' lang='lat' dir='ltr'>of</span> <span class='ocrx_word' id='word_1_390' title='bbox 1584 2585 1681 2620; x_wconf 89' lang='lat' dir='ltr'>pun-</span> 
     </span>
     <span class='ocr_line' id='line_1_52' title="bbox 228 2625 1683 2672; baseline 0.005 -12"><span class='ocrx_word' id='word_1_391' title='bbox 228 2625 349 2671; x_wconf 80' lang='lat' dir='ltr'>ishing</span> <span class='ocrx_word' id='word_1_392' title='bbox 365 2625 462 2660; x_wconf 88' lang='lat' dir='ltr'>their</span> <span class='ocrx_word' id='word_1_393' title='bbox 486 2631 663 2667; x_wconf 85' lang='lat' dir='ltr'>servants,</span> <span class='ocrx_word' id='word_1_394' title='bbox 687 2627 760 2660; x_wconf 87' lang='lat' dir='ltr'>and</span> <span class='ocrx_word' id='word_1_395' title='bbox 781 2632 930 2672; x_wconf 82' lang='lat' dir='ltr'>parents</span> <span class='ocrx_word' id='word_1_396' title='bbox 961 2627 1058 2662; x_wconf 88' lang='lat' dir='ltr'>their</span> <span class='ocrx_word' id='word_1_397' title='bbox 1078 2628 1256 2670; x_wconf 88' lang='lat' dir='ltr'>children,</span> <span class='ocrx_word' id='word_1_398' title='bbox 1282 2640 1373 2664; x_wconf 85' lang='lat' dir='ltr'>even</span> <span class='ocrx_word' id='word_1_399' title='bbox 1394 2634 1433 2664; x_wconf 90' lang='lat' dir='ltr'>to</span> <span class='ocrx_word' id='word_1_400' title='bbox 1458 2631 1582 2665; x_wconf 87' lang='lat' dir='ltr'>death.</span> <span class='ocrx_word' id='word_1_401' title='bbox 1633 2632 1683 2667; x_wconf 91' lang='lat' dir='ltr'>So</span> 
     </span>
     <span class='ocr_line' id='line_1_53' title="bbox 227 2682 1563 2729; baseline 0.004 -13"><span class='ocrx_word' id='word_1_402' title='bbox 227 2687 266 2717; x_wconf 82' lang='lat' dir='ltr'>at</span> <span class='ocrx_word' id='word_1_403' title='bbox 285 2683 429 2728; x_wconf 82' lang='lat' dir='ltr'>Sparta,</span> <span class='ocrx_word' id='word_1_404' title='bbox 445 2682 509 2717; x_wconf 89' lang='lat' dir='ltr'>the</span> <span class='ocrx_word' id='word_1_405' title='bbox 529 2683 669 2728; x_wconf 87' lang='lat' dir='ltr'>Ephori</span> <span class='ocrx_word' id='word_1_406' title='bbox 690 2684 799 2717; x_wconf 88' lang='lat' dir='ltr'>could</span> <span class='ocrx_word' id='word_1_407' title='bbox 820 2689 886 2729; x_wconf 92' lang='lat' dir='ltr'>put</span> <span class='ocrx_word' id='word_1_408' title='bbox 907 2695 929 2718; x_wconf 89' lang='lat' dir='ltr'>a</span> <span class='ocrx_word' id='word_1_409' title='bbox 947 2685 1076 2719; x_wconf 83' lang='lat' dir='ltr'>citizen</span> <span class='ocrx_word' id='word_1_410' title='bbox 1097 2690 1135 2719; x_wconf 91' lang='lat' dir='ltr'>to</span> <span class='ocrx_word' id='word_1_411' title='bbox 1158 2685 1269 2720; x_wconf 88' lang='lat' dir='ltr'>death</span> <span class='ocrx_word' id='word_1_412' title='bbox 1291 2686 1447 2721; x_wconf 85' lang='lat' dir='ltr'>without</span> <span class='ocrx_word' id='word_1_413' title='bbox 1466 2688 1563 2722; x_wconf 86' lang='lat' dir='ltr'>trial.</span> 
     </span>
    </p>

    <p class='ocr_par' dir='ltr' id='par_1_17' title="bbox 227 2739 1682 2843">
     <span class='ocr_line' id='line_1_54' title="bbox 300 2739 1682 2786; baseline 0.005 -12"><span class='ocrx_word' id='word_1_414' title='bbox 300 2740 412 2774; x_wconf 85' lang='lat' dir='ltr'>From</span> <span class='ocrx_word' id='word_1_415' title='bbox 432 2739 529 2774; x_wconf 83' lang='lat' dir='ltr'>what</span> <span class='ocrx_word' id='word_1_416' title='bbox 550 2751 603 2774; x_wconf 83' lang='lat' dir='ltr'>wo</span> <span class='ocrx_word' id='word_1_417' title='bbox 623 2739 716 2774; x_wconf 78' lang='lat' dir='ltr'>have</span> <span class='ocrx_word' id='word_1_418' title='bbox 736 2741 825 2779; x_wconf 85' lang='lat' dir='ltr'>said,</span> <span class='ocrx_word' id='word_1_419' title='bbox 846 2752 897 2775; x_wconf 85' lang='lat' dir='ltr'>we</span> <span class='ocrx_word' id='word_1_420' title='bbox 924 2753 1009 2786; x_wconf 86' lang='lat' dir='ltr'>may</span> <span class='ocrx_word' id='word_1_421' title='bbox 1029 2753 1090 2776; x_wconf 87' lang='lat' dir='ltr'>sec</span> <span class='ocrx_word' id='word_1_422' title='bbox 1113 2742 1211 2776; x_wconf 84' lang='lat' dir='ltr'>what</span> <span class='ocrx_word' id='word_1_423' title='bbox 1231 2743 1260 2776; x_wconf 88' lang='lat' dir='ltr'>is</span> <span class='ocrx_word' id='word_1_424' title='bbox 1278 2742 1341 2777; x_wconf 88' lang='lat' dir='ltr'>the</span> <span class='ocrx_word' id='word_1_425' title='bbox 1362 2744 1449 2777; x_wconf 82' lang='lat' dir='ltr'>Law</span> <span class='ocrx_word' id='word_1_426' title='bbox 1470 2745 1513 2779; x_wconf 82' lang='lat' dir='ltr'>of</span> <span class='ocrx_word' id='word_1_427' title='bbox 1536 2745 1682 2782; x_wconf 83' lang='lat' dir='ltr'>Nature</span> 
     </span>
     <span class='ocr_line' id='line_1_55' title="bbox 227 2797 1346 2843; baseline 0.004 -13"><span class='ocrx_word' id='word_1_428' title='bbox 227 2797 315 2831; x_wconf 85' lang='lat' dir='ltr'>with</span> <span class='ocrx_word' id='word_1_429' title='bbox 336 2797 467 2842; x_wconf 83' lang='lat' dir='ltr'>regard</span> <span class='ocrx_word' id='word_1_430' title='bbox 488 2801 525 2831; x_wconf 89' lang='lat' dir='ltr'>to</span> <span class='ocrx_word' id='word_1_431' title='bbox 546 2797 795 2843; x_wconf 85' lang='lat' dir='ltr'>punishment,</span> <span class='ocrx_word' id='word_1_432' title='bbox 817 2798 888 2831; x_wconf 88' lang='lat' dir='ltr'>and</span> <span class='ocrx_word' id='word_1_433' title='bbox 910 2797 990 2832; x_wconf 89' lang='lat' dir='ltr'>how</span> <span class='ocrx_word' id='word_1_434' title='bbox 1010 2798 1113 2833; x_wconf 81' lang='lat' dir='ltr'>sarit</span> <span class='ocrx_word' id='word_1_435' title='bbox 1134 2799 1346 2835; x_wconf 85' lang='lat' dir='ltr'>continued.</span> 
     </span>
    </p>

    <p class='ocr_par' dir='ltr' id='par_1_18' title="bbox 228 2853 1681 2959">
     <span class='ocr_line' id='line_1_56' title="bbox 298 2853 1681 2903; baseline 0.006 -15"><span class='ocrx_word' id='word_1_436' title='bbox 298 2854 347 2888; x_wconf 88' lang='lat' dir='ltr'>X.</span> <span class='ocrx_word' id='word_1_437' title='bbox 402 2858 418 2888; x_wconf 93' lang='lat'>1</span> <span class='ocrx_word' id='word_1_438' title='bbox 461 2853 529 2888; x_wconf 87' lang='lat' dir='ltr'>We</span> <span class='ocrx_word' id='word_1_439' title='bbox 543 2858 641 2888; x_wconf 87' lang='lat' dir='ltr'>must</span> <span class='ocrx_word' id='word_1_440' title='bbox 658 2865 739 2889; x_wconf 85' lang='lat' dir='ltr'>now</span> <span class='ocrx_word' id='word_1_441' title='bbox 756 2855 925 2890; x_wconf 87' lang='lat' dir='ltr'>consider</span> <span class='ocrx_word' id='word_1_442' title='bbox 941 2855 1106 2890; x_wconf 86' lang='lat' dir='ltr'>whether</span> <span class='ocrx_word' id='word_1_443' title='bbox 1123 2856 1186 2891; x_wconf 89' lang='lat' dir='ltr'>the</span> <span class='ocrx_word' id='word_1_444' title='bbox 1204 2857 1342 2903; x_wconf 87' lang='lat' dir='ltr'>Gospel</span> <span class='ocrx_word' id='word_1_445' title='bbox 1359 2857 1444 2893; x_wconf 83' lang='lat' dir='ltr'>Law</span> <span class='ocrx_word' id='word_1_446' title='bbox 1457 2857 1522 2894; x_wconf 86' lang='lat' dir='ltr'>has</span> <span class='ocrx_word' id='word_1_447' title='bbox 1537 2859 1681 2896; x_wconf 88' lang='lat' dir='ltr'>limited</span> 
     </span>
     <span class='ocr_line' id='line_1_57' title="bbox 228 2910 1681 2959; baseline 0.005 -14"><span class='ocrx_word' id='word_1_448' title='bbox 228 2910 300 2946; x_wconf 88' lang='lat' dir='ltr'>this</span> <span class='ocrx_word' id='word_1_449' title='bbox 321 2911 456 2958; x_wconf 85' lang='lat' dir='ltr'>liberty</span> <span class='ocrx_word' id='word_1_450' title='bbox 478 2922 580 2947; x_wconf 89' lang='lat' dir='ltr'>more</span> <span class='ocrx_word' id='word_1_451' title='bbox 600 2911 792 2959; x_wconf 85' lang='lat' dir='ltr'>narrowly.</span> <span class='ocrx_word' id='word_1_452' title='bbox 847 2912 1045 2959; x_wconf 81' lang='lat' dir='ltr'>Certainly,</span> <span class='ocrx_word' id='word_1_453' title='bbox 1067 2924 1105 2949; x_wconf 84' lang='lat' dir='ltr'>as</span> <span class='ocrx_word' id='word_1_454' title='bbox 1127 2925 1180 2949; x_wconf 89' lang='lat' dir='ltr'>wo</span> <span class='ocrx_word' id='word_1_455' title='bbox 1208 2913 1301 2950; x_wconf 81' lang='lat' dir='ltr'>have</span> <span class='ocrx_word' id='word_1_456' title='bbox 1322 2915 1519 2952; x_wconf 85' lang='lat' dir='ltr'>elsewhere</span> <span class='ocrx_word' id='word_1_457' title='bbox 1539 2917 1629 2959; x_wconf 89' lang='lat' dir='ltr'>said,</span> <span class='ocrx_word' id='word_1_458' title='bbox 1651 2918 1681 2952; x_wconf 89' lang='lat' dir='ltr'>it</span> 
     </span>
    </p>
   </div>
  </div>
 </body>
</html>
