2018 3204
119 1181 178 1207 Lib.
193 1181 220 1206 ii.
236 1182 272 1206 10.

339 204 421 245 ΠΗ
768 211 835 245 DE
867 207 1366 245 INTERPRETATIONE.
1634 209 1730 254 [Lm.
1750 209 1802 245 11.

439 320 643 363 XXVIII.
713 319 903 361 Diximus
927 318 1007 360 alia
1029 331 1190 374 quoque
1221 332 1307 360 esse
1331 331 1449 374 posse
1471 316 1588 375 signa
1618 317 1805 360 volunta-

339 386 392 429 tis
427 401 518 442 quae
553 385 772 428 ostendant
807 400 944 426 casum
977 384 1251 426 eximendum.
1324 383 1441 425 Inter
1469 398 1518 425 ea
1550 383 1669 440 signa
1703 383 1804 426 nihil

341 453 515 495 validius
545 458 607 493 est
631 466 752 507 quam
777 451 906 493 verba
929 450 1008 491 alio
1041 450 1129 491 loco
1154 450 1296 506 posita,
1323 464 1404 491 non
1428 449 1497 491 ubi
1523 449 1676 491 directe
1700 464 1805 506 pug-

342 524 454 567 nant,
488 531 583 573 quae
619 523 681 559 est
715 514 951 568 άντινομία,
991 515 1105 571 cujus
1136 530 1261 572 supra
1302 515 1568 564 meminimus,
1608 516 1681 557 sed
1712 530 1804 557 cum

342 584 455 626 velut
484 583 692 638 insperato
723 597 774 624 ex
805 582 892 638 ipso
921 597 1061 623 rerum
1085 588 1237 623 eventu
1267 581 1375 623 inter
1406 597 1449 623 se
1481 581 1803 631 committuntur,

341 663 463 705 quam
489 650 695 691 Rhetores
719 648 855 690 Graeci
880 653 1029 689 vocant
1053 644 1135 699 τὴν
1154 646 1201 690 ἐκ
1226 644 1528 707 περιστάσεως
1553 644 1708 708 μάχην.

442 716 605 756 XXIX.
656 718 679 756 1
727 716 777 755 In
800 715 877 755 hac
910 713 1204 769 disceptatione
1237 720 1332 755 utra
1355 728 1452 769 pars
1476 713 1616 769 scripti
1641 728 1731 755 cum
1753 728 1805 756 ex

342 795 438 823 casu
461 781 507 823 fit
530 780 680 823 collisio
705 780 931 836 praevalere
959 780 1121 828 debeat,
1146 780 1311 836 regulas
1332 779 1528 834 quasdam
1553 794 1604 820 ex
1627 780 1805 834 antiquis

341 848 576 889 auctoribus
597 843 771 889 kCicero
801 845 948 902 posuit,
975 860 1066 901 quae
1097 850 1143 887 ut
1167 845 1408 900 spernendae
1432 844 1667 900 neutiquam
1697 852 1804 895 sunt,

341 912 401 954 ita
425 913 522 954 mihi
553 929 634 954 non
656 928 728 955 suo
756 911 898 954 ordine
930 911 1121 953 videntur
1146 910 1364 953 collocatae.
1434 911 1520 951 Nos
1545 925 1613 952 eas
1633 911 1741 952 hunc
1764 911 1807 953 in

342 979 507 1020 modum
532 980 777 1036 digeremus
840 974 920 1020 ¹Ut
950 977 1060 1033 quod
1091 977 1294 1033 permittit
1318 976 1438 1018 cedat
1469 976 1506 1018 ei
1531 977 1639 1031 quod
1661 977 1806 1033 jubet:

341 1044 462 1099 ⁴¹quia
497 1046 566 1100 qui
598 1044 798 1101 permittit
829 1044 984 1099 aliquid
1016 1043 1074 1085 ita
1108 1043 1347 1099 permittere
1376 1042 1551 1091 videtur,
1588 1042 1664 1084 nisi
1695 1043 1808 1085 aliud

341 1110 439 1164 quid
465 1111 610 1160 obstet,
637 1126 758 1166 quam
783 1111 834 1152 de
864 1125 943 1165 quo
968 1109 1023 1151 ibi
1055 1109 1219 1165 agitur:
1254 1108 1441 1164 ideoque,
1467 1114 1513 1149 ut
1537 1108 1595 1150 ait
1620 1109 1807 1165 Scriptor

340 1176 394 1216 ad
419 1177 688 1226 Herennium,
721 1176 811 1232 plus
835 1176 945 1218 valet
975 1175 1129 1216 sanctio
1158 1174 1435 1230 permissione.
1482 1175 1542 1216 Ut
1574 1175 1683 1230 quod
1706 1174 1808 1216 faci-

341 1242 491 1283 endum
519 1249 581 1284 est
606 1248 717 1285 certo
744 1249 939 1297 tempore,
974 1240 1011 1282 ei
1033 1240 1280 1296 praeferatur
1305 1240 1415 1295 quod
1446 1240 1589 1295 quovis
1621 1247 1807 1296 tempore

340 1307 430 1348 fieri
455 1314 614 1363 potest:
647 1308 757 1350 unde
780 1308 978 1362 sequitur,
1004 1313 1049 1348 ut
1073 1306 1313 1361 plerumque
1337 1306 1469 1361 pactio
1495 1312 1640 1348 vetans
1667 1307 1806 1348 vincat

334 1371 560 1428 jubentem,
584 1374 680 1430 quia
698 1373 832 1430 pactio
857 1378 1000 1415 vetans
1019 1371 1175 1429 obligat
1198 1372 1251 1413 ad
1275 1371 1448 1428 quodvis
1467 1377 1638 1429 tempus,
1657 1371 1807 1428 jubens

399 1489 413 1510 k
438 1489 547 1519 Cicero
559 1489 684 1528 posuit]
707 1490 757 1519 De
781 1490 969 1519 Inventione
990 1499 1041 1518 se-
1109 1488 1301 1526 Benejubet:
1326 1490 1471 1519 minorem
1486 1490 1564 1519 enim
1581 1489 1642 1519 vim
1663 1489 1753 1519 habet
1769 1499 1808 1518 ea

340 1540 452 1576 cund0‚
478 1540 562 1579 (cap.
582 1541 638 1579 49)
658 1544 689 1570 et
713 1541 756 1569 ibi
783 1541 902 1569 Marius
927 1540 1040 1570 Victo·
1109 1540 1158 1569 lez
1190 1550 1255 1578 qzcae
1288 1540 1414 1578 aliquid
1434 1540 1599 1578 permittit,
1627 1550 1721 1578 quam
1747 1540 1808 1569 illa

338 1590 436 1620 rinus.
1108 1600 1178 1628 quoe
1205 1590 1331 1628 aliquid
1356 1589 1454 1626 jubet.
1497 1590 1578 1619 Vide
1622 1590 1806 1619 Ciceronem

400 1638 406 1658 ¹
432 1640 475 1670 Ut
502 1640 587 1678 quod
605 1640 772 1678 permittit,
793 1639 882 1668 cedat
903 1639 931 1667 ei
958 1638 1043 1677 quod
1114 1639 1246 1668 Verrimz
1262 1648 1298 1668 11.
1314 1638 1395 1676 (cap.
1410 1639 1460 1676 51)
1477 1641 1508 1667 et
1523 1648 1593 1676 quae
1608 1638 1704 1667 habet
1720 1638 1808 1668 Con-

329 1688 433 1727 jubet]
471 1690 686 1724 Quintilianus
720 1689 949 1718 declamatione
977 1698 1039 1719 ccc
1109 1699 1210 1718 nanus
1223 1689 1304 1717 libro
1320 1698 1342 1717 1.
1359 1698 1387 1717 c.
1402 1689 1432 1719 9.

339 1748 460 1768 LXXIV.
505 1740 631 1778 Semper
646 1741 803 1778 potentior
824 1740 872 1768 ler-
904 1744 947 1769 est
974 1750 1039 1778 quae
1168 1738 1181 1755 4
1203 1738 1300 1767 Modo
1322 1738 1441 1766 scilicet
1460 1737 1628 1766 Permissio
1646 1737 1687 1766 sit
1709 1746 1807 1775 gene-

339 1789 432 1823 vetat,
469 1796 561 1824 quam
589 1796 658 1824 quae
683 1786 849 1824 permittit.
893 1786 1039 1814 Donatus
1108 1787 1191 1823 ralis,
1202 1787 1325 1825 jussum
1341 1791 1447 1815 autem
1462 1787 1670 1824 particulare:
1684 1786 1760 1815 alias
1775 1786 1808 1815 id

342 1835 532 1865 Phormione
555 1839 630 1865 actu
652 1845 674 1866 1.
696 1845 779 1866 scen.
803 1838 822 1865 2
845 1839 941 1874 (vers.
961 1836 1038 1873 76):
1110 1837 1194 1874 quod
1204 1836 1338 1873 jubetur
1349 1836 1658 1865 universalitercedit
1669 1835 1807 1865 Permis-

411 1981 597 2015 XXVIII.
650 1981 719 2015 We
735 1980 829 2015 have
847 1981 927 2015 said
944 1980 1025 2015 that
1042 1980 1148 2015 there
1166 1992 1250 2026 may
1271 1982 1349 2015 also
1369 1981 1416 2016 be
1439 1980 1546 2015 other
1566 1981 1664 2026 signs
1683 1981 1725 2015 of
1743 1980 1807 2016 the

340 2040 425 2080 will,
441 2038 561 2071 which
582 2037 679 2072 shew
701 2038 782 2072 that
808 2038 872 2072 the
895 2049 977 2072 case
996 2038 1025 2071 is
1043 2041 1081 2071 to
1099 2038 1146 2072 be
1168 2038 1358 2084 excepted.
1414 2037 1556 2082 Among
1577 2037 1681 2072 these
1695 2038 1805 2082 signs,

340 2096 497 2139 nothing·
515 2095 544 2128 is
566 2105 669 2128 more
695 2095 853 2129 decisive
875 2094 965 2128 than
988 2094 1105 2129 words
1127 2095 1217 2129 used
1239 2095 1276 2128 in
1294 2094 1453 2128 another
1469 2094 1596 2140 place,
1617 2099 1682 2128 not
1700 2094 1807 2128 when

340 2153 430 2198 they
460 2151 617 2197 directly
646 2162 784 2197 oppose
813 2151 877 2186 the
904 2152 1076 2197 promise,
1095 2151 1214 2186 which
1240 2152 1270 2186 is
1299 2152 1494 2196 antinomy,
1523 2162 1562 2185 as
1592 2151 1808 2185 mentioned

339 2210 480 2250 above3
504 2209 572 2242 but
593 2208 700 2243 when
721 2208 990 2254 unexpectedly
1011 2208 1085 2242 and
1106 2208 1154 2253 by
1182 2208 1245 2242 the
1271 2220 1359 2254 very
1384 2213 1493 2242 event
1515 2208 1555 2242 of
1574 2208 1696 2252 things
1717 2208 1807 2253 they

340 2278 404 2301 are
422 2267 459 2300 in
478 2266 637 2306 conflict,
654 2265 773 2299 which
792 2265 856 2300 the
875 2265 1117 2299 rhetoricians
1134 2266 1203 2299 call
1221 2265 1504 2299 cz'rcumstaoztc'al
1521 2265 1789 2299 contradiction.

409 2323 558 2357 XXIX.
610 2326 627 2356 1
663 2322 707 2356 In
729 2322 793 2356 the
814 2322 1027 2362 discussion,
1048 2322 1181 2356 Which
1203 2327 1286 2367 part
1308 2322 1351 2356 of
1371 2333 1393 2356 a
1410 2322 1610 2356 document
1632 2321 1748 2366 ought
1768 2326 1806 2355 to

339 2380 480 2427 prevail
511 2381 548 2413 in
584 2390 666 2414 case
697 2379 740 2413 of
767 2379 857 2413 such
884 2390 906 2413 a
933 2379 1112 2419 collision,
1139 2379 1268 2413 Cicero
1295 2379 1361 2413 has
1391 2379 1499 2424 given
1531 2379 1672 2413 certain
1707 2378 1807 2412 rules

339 2438 438 2472 from
464 2437 612 2471 ancient
630 2436 803 2477 authors3
830 2436 904 2470 and
931 2435 1047 2476 these,
1068 2435 1211 2481 though
1230 2439 1308 2477 not,
1327 2436 1365 2469 in
1386 2447 1447 2481 my
1470 2435 1679 2480 judgment,
1700 2439 1739 2469 to
1760 2435 1808 2469 be

340 2494 515 2539 rejected,
531 2504 630 2527 seem
648 2497 687 2527 to
705 2504 764 2527 me
782 2496 848 2527 not
866 2497 904 2527 to
923 2492 969 2526 be
987 2492 1118 2537 placed
1135 2493 1172 2526 in
1189 2493 1261 2528 due
1279 2492 1400 2527 order.
1449 2493 1518 2527 We
1540 2492 1634 2527 shall
1651 2503 1808 2537 arrange

341 2551 445 2585 them
462 2551 499 2584 in
517 2550 589 2584 this
607 2561 705 2596 way:

409 2607 636 2642 Permission
659 2607 760 2652 gives
783 2618 862 2652 way
888 2610 927 2641 to
953 2606 1161 2647 command,
1182 2618 1234 2647 or,
1251 2617 1290 2641 as
1311 2605 1376 2641 the
1397 2605 1521 2641 writer
1538 2609 1576 2640 to
1595 2605 1806 2640 Herennius

341 2674 434 2709 says,
456 2663 652 2698 command
674 2663 876 2708 outweighs
897 2659 1170 2709 permission*:

410 2721 522 2754 What
543 2721 571 2755 is
594 2725 633 2754 to
652 2720 700 2754 be
721 2721 818 2754 done
848 2725 887 2754 at
912 2732 933 2754 a
953 2721 1094 2754 certain
1121 2721 1222 2759 time,
1248 2721 1277 2754 is
1306 2724 1345 2754 to
1366 2719 1413 2754 be
1433 2718 1625 2765 preferred
1648 2722 1687 2753 to
1708 2718 1806 2752 what

340 2786 426 2822 may
446 2777 492 2811 be
511 2777 606 2811 done
628 2781 667 2812 at
691 2788 764 2823 any
781 2778 889 2811 time:
917 2777 991 2810 and
1012 2777 1130 2811 hence
1147 2789 1169 2811 a
1186 2777 1409 2822 prohibitive
1427 2780 1513 2821 pact
1535 2775 1737 2820 outweighs
1757 2786 1805 2808 an

342 2832 559 2876 imperative
578 2844 667 2868 one:
696 2838 827 2879 except
845 2833 964 2868 either
984 2833 1048 2868 the
1069 2834 1159 2868 time
1176 2834 1222 2868 be
1244 2833 1450 2879 expressed,
1468 2845 1510 2867 or
1526 2832 1590 2867 the
1608 2831 1805 2866 command

402 2918 418 2933 '⁵
440 2918 616 2957 Barbeyrac
631 2930 711 2958 says
729 2924 785 2950 not
800 2921 933 2959 always:
963 2931 982 2950 a
997 2921 1153 2950 universal
1169 2922 1336 2951 command
1354 2921 1442 2959 gives
1462 2929 1529 2958 way
1544 2922 1578 2948 to
1598 2928 1617 2947 a
1632 2918 1805 2957 particular

342 2977 540 3006 perlnlssmn.
