2018 3204
186 183 275 218 cu».
296 181 426 226 XIII.]
666 183 733 217 DE
764 181 1148 218 JUREJURANDO.
1584 181 1636 220 85

185 291 298 346 quod
332 299 474 333 autem
507 293 716 346 affirmate
739 293 866 347 quasi
888 293 981 334 Deo
1014 299 1113 334 teste
1137 293 1403 346 promiseris,
1431 293 1481 334 id
1504 300 1639 335 tenen-

185 358 289 398 dum
312 364 382 399 est.
455 356 576 406 Quod
599 362 736 398 autem
759 356 899 399 addit:
935 359 1040 398 Jam
1067 359 1178 399 enim
1201 373 1284 399 non
1308 360 1368 399 ad
1390 359 1508 399 iram
1530 360 1639 401 Deo-

185 437 295 472 rum,
321 437 413 476 quce
436 423 559 463 nulla
582 430 653 470 est,
684 425 757 464 secl
791 425 852 464 acl
872 424 1096 477 justitiam
1134 431 1172 465 et
1195 425 1328 477 fidem
1354 425 1572 478 pertinet:
1605 424 1639 466 si

185 486 260 529 irae
283 487 444 529 nomine
476 487 829 542 perturbationem
860 488 1064 545 intelligit,
1100 503 1181 530 non
1213 489 1525 544 improbandum
1550 495 1636 539 est3

185 552 250 594 sin
286 552 608 608 qualemcunque
641 554 812 595 nocendi
847 554 1038 596 affectum
1075 560 1146 596 aut
1179 555 1446 603 voluntatem,
1473 554 1638 597 minime

188 623 251 660 est
272 617 563 674 recipiendum,
588 623 635 660 ut
667 624 780 660 reete
803 620 954 675 probat
979 619 1229 662 Lactantius.
1302 621 1343 661 N
1346 635 1422 661 une
1445 620 1553 662 unde
1577 620 1639 663 vis
1657 631 1824 687 fflstelra

179 683 446 739 jurisjurandi
470 683 639 734 oriatur,
666 690 707 726 et
730 699 809 740 quo
833 685 1043 742 pertingat
1066 699 1194 740 usque
1217 685 1438 729 videamus.
1714 680 1721 687 ⁰

283 750 338 790 II.
409 749 592 791 Primum
625 750 734 805 quod
768 750 820 791 de
855 749 1062 806 promissis
1086 757 1128 792 et
1151 751 1426 792 contractibus
1449 751 1636 801 diximus,

185 819 229 857 et
249 814 317 856 hie
341 815 468 857 habet
498 815 642 865 locum,
666 821 713 857 ut
743 815 902 857 animus
929 815 1100 857 rationis
1131 830 1293 870 compos
1317 822 1359 857 et
1390 816 1640 858 deliberatus

185 880 436 936 requiratur.
503 881 642 930 Quare
672 880 706 922 si
730 880 819 936 quis
842 895 924 922 non
946 886 1096 936 putans
1117 895 1161 921 se
1176 880 1321 935 jurare
1345 882 1474 923 verba
1496 887 1639 937 protu-

185 945 280 988 lerit
297 945 493 1002 jurantia,
518 949 588 988 cut
620 946 672 988 de
709 946 898 1002 Cydippe
931 951 1138 994 narratur,
1171 946 1303 986 locum
1327 946 1482 989 habere
1504 952 1641 1003 potest

185 1012 295 1068 quod
318 1012 356 1054 ei
379 1011 525 1054 tribuit
550 1011 720 1053 Ovidius
744 1011 892 1067 (Epist.
917 1013 1098 1053 Heroid.
1122 1010 1204 1053 xxi.
1233 1012 1363 1066 135):

442 1082 556 1131 ‘'Quae
572 1091 674 1135 jurat
693 1101 798 1125 mens
819 1094 895 1124 est:
928 1090 982 1123 nil
1002 1090 1272 1135 conjuravimus
1294 1091 1367 1125 illa.

184 1169 237 1198 ex
259 1141 456 1212 Euripide
481 1155 710 1197 desumtum
734 1154 803 1210 qui
825 1154 867 1196 in
892 1157 1132 1210 Hippolyto
1156 1155 1319 1198 dixerat
1343 1157 1445 1210 (ver.
1471 1158 1602 1212 612):

496 1234 522 1269 J
524 1237 630 1269 urata
649 1234 776 1279 lingua
796 1237 872 1269 est:
899 1231 1046 1269 “mente
1062 1235 1185 1279 juravi
1205 1234 1309 1270 nihil.

187 1299 309 1350 Quod
330 1298 363 1341 si
386 1298 476 1355 quis
498 1299 637 1342 volens
660 1298 806 1354 jurare
835 1298 1021 1356 obligare
1050 1314 1095 1341 se
1118 1299 1309 1348 noluerit,
1334 1314 1416 1341 non
1440 1315 1487 1342 eo
1511 1301 1642 1343 minus
1659 1321 1732 1349 soto,
1742 1321 1857 1352 viii.q.1.

184 1365 404 1422 obligatur,
449 1365 546 1421 quia
588 1364 782 1421 obligatio
818 1378 844 1406 a
872 1364 1107 1421 juramento
1152 1370 1215 1407 est
1260 1365 1555 1421 inseparabiliS,
1599 1374 1641 1409 et
1658 1353 1847 1429 {fii-{Quam

184 1431 352 1472 effeetus
387 1431 474 1487 ejus
507 1429 770 1472 necessarius,
1659 1413 1830 1473 ῗὲιῖἷῖηἷζξᾶ-

286 1497 365 1538 III.
437 1498 461 1538 1
510 1497 567 1538 At
597 1496 631 1537 si
666 1495 755 1551 quis
793 1495 1019 1537 deliberato
1052 1495 1271 1551 protulerit
1294 1497 1422 1538 verba
1439 1496 1637 1552 jurantia,

184 1561 318 1603 animo
343 1567 481 1604 tamen
503 1576 584 1602 non
602 1560 784 1617 jurandi,
810 1561 917 1602 hune
941 1575 1022 1602 non
1046 1561 1221 1618 obligari
1244 1568 1338 1604 sunt
1361 1562 1431 1617 qui
1454 1563 1638 1613 tradunt,

184 1641 354 1683 peecare
387 1632 526 1669 tamen
557 1631 713 1668 temere
741 1625 933 1681 jurando.
1002 1627 1084 1668 Sed
1120 1627 1255 1669 verius
1290 1633 1353 1669 est
1383 1628 1515 1670 teneri
1548 1643 1642 1671 eum

185 1745 340 1780 mochare,
361 1743 443 1782 (cap,
461 1743 502 1781 1.)
947 1741 1038 1765 Verba
1053 1741 1106 1765 suis
1123 1740 1220 1765 frustra
1232 1741 1332 1765 viribus
1349 1741 1415 1765 orba
1431 1744 1512 1766 tenes.

245 1793 259 1814 d
285 1793 461 1832 Qnoejurat
475 1802 557 1822 mens
571 1790 630 1830 est]
653 1791 791 1821 Ibidem:
947 1781 1008 1805 Non
1026 1788 1074 1811 ego
1089 1781 1192 1811 juravi:
1217 1781 1267 1811 legi
1282 1782 1404 1812 jux-antia
1420 1782 1508 1807 verba.

257 1849 262 1854 .
277 1849 282 1854 .
571 1847 576 1852 .
609 1847 614 1852 .
738 1847 743 1851 .
781 1847 785 1851 .
946 1826 978 1852 et
994 1832 1063 1860 quae
1077 1826 1262 1860 sequuntur.

186 1849 331 1873 Consilium
349 1848 517 1878 prudensque
534 1854 615 1871 anum
632 1849 762 1871 sententia
775 1848 859 1877 jurat,

185 1890 220 1914 Et
236 1890 283 1914 nisi
297 1889 389 1919 judicii
406 1889 513 1913 vincula
530 1888 606 1913 uuna
622 1888 720 1917 valent,
1004 1878 1017 1892 ⁰
1039 1871 1261 1907 Mentejuravz·
1273 1871 1366 1909 nihil]
1386 1872 1469 1907 Quia
1483 1873 1521 1902 de
1535 1881 1568 1902 re
1584 1873 1642 1902 ho-

185 1930 280 1970 (vers,
296 1932 363 1967 131,
377 1929 453 1967 &0‚)
946 1924 1037 1949 nesta
1059 1921 1200 1957 tacenda,
1225 1921 1355 1950 nutricis
1378 1922 1474 1951 verba
1496 1923 1642 1951 intellex-

184 1990 258 2009 mox
271 1991 279 2009 :
947 1974 1014 2000 erat
1030 1970 1233 2009 Hippolytus,
1246 1980 1310 2000 non
1325 1971 1364 2000 de
1378 1972 1532 2002 adulterio
1547 1976 1579 2001 et
1594 1972 1642 2000 in-

185 2029 236 2056 Sed
253 2029 273 2054 si
290 2028 326 2053 nil
343 2028 465 2054 dedimus
480 2029 576 2059 praeter
591 2028 646 2052 sine
662 2029 767 2058 pectore
780 2034 879 2057 vocem,
947 2023 1045 2049 cestu.

258 2183 306 2217 ΙΙ.
369 2183 478 2225 First,
502 2182 585 2218 that
611 2183 677 2219 has
706 2184 813 2230 place
845 2184 946 2226 here,
975 2184 1094 2220 which
1115 2196 1169 2220 we
1198 2186 1277 2220 said
1305 2185 1348 2220 of
1372 2187 1549 2232 promises
1570 2187 1643 2222 and

185 2243 382 2281 contracts,
402 2240 484 2275 that
504 2240 610 2276 there
629 2242 659 2275 is
680 2242 852 2287 required
872 2253 894 2276 a
919 2243 1020 2276 mind
1038 2247 1175 2276 master
1203 2243 1245 2276 of
1269 2243 1315 2276 its
1335 2254 1467 2277 reason
1487 2244 1559 2277 and
1580 2244 1642 2279 de.

185 2296 352 2331 liberate.
414 2298 542 2332 Hence
560 2298 591 2332 if
607 2309 680 2344 any
700 2310 781 2340 one,
806 2303 872 2333 not
892 2299 1063 2343 thinking
1084 2303 1122 2333 to
1143 2309 1269 2340 swear,
1290 2304 1408 2334 utters
1435 2299 1499 2334 the
1524 2301 1642 2336 words

187 2353 231 2387 of
251 2364 298 2387 an
323 2353 422 2394 oath‚
444 2355 473 2388 it
499 2355 528 2388 is
557 2359 623 2389 not
650 2356 838 2401 swearing.
901 2356 972 2390 See
993 2356 1031 2389 in
1060 2355 1154 2389 Ovid
1176 2355 1239 2389 the
1268 2360 1369 2401 story
1397 2357 1440 2390 of
1465 2357 1643 2403 Cydippe,

191 2406 288 2454 [who
304 2410 391 2444 read
410 2411 519 2445 aloud
538 2422 585 2445 on
606 2423 652 2445 an
670 2412 778 2457 apple
797 2412 915 2447 which
936 2412 1113 2446 Acontius
1134 2411 1201 2445 her
1222 2412 1323 2446 lover
1343 2412 1416 2446 had
1434 2413 1578 2447 thrown
1603 2419 1643 2448 at

187 2465 265 2505 her,
296 2467 322 2499 I
343 2478 455 2501 swear
481 2468 555 2502 that
572 2468 598 2501 I
614 2469 687 2502 will
710 2481 839 2514 marry
860 2465 1058 2512 Acontius]
1125 2468 1174 2502 So
1195 2468 1391 2514 Euripides
1408 2470 1447 2503 in
1467 2469 1531 2504 the
1548 2471 1642 2517 Hip-

189 2522 347 2567 polytus.

268 2579 343 2612 But
364 2579 397 2612 if
412 2590 485 2625 any
505 2590 586 2621 one,
603 2581 777 2626 willingly
799 2582 988 2627 swearing,
1006 2581 1140 2616 wished
1163 2586 1228 2616 not
1249 2586 1288 2616 to
1309 2582 1397 2616 bind
1422 2581 1580 2625 himself,
1595 2583 1643 2619 he

188 2635 218 2669 is
237 2640 302 2669 not
323 2635 386 2669 the
403 2636 473 2670 less
499 2636 656 2681 obliged,
674 2637 830 2672 because
851 2638 1053 2684 obligation
1074 2639 1103 2673 is
1120 2638 1184 2673 the
1205 2649 1398 2685 necessary
1415 2640 1523 2674 effect
1540 2641 1581 2675 of
1595 2652 1644 2675 an

189 2691 289 2733 oath,
306 2691 378 2725 and
399 2692 631 2737 inseparable
650 2693 748 2727 from
769 2695 809 2729 it.

263 2749 332 2783 ΙΙΙ.
386 2753 403 2782 1
448 2750 522 2783 But
548 2749 580 2783 if
601 2760 673 2795 any
695 2761 765 2784 one
787 2754 904 2785 utters
924 2751 988 2786 the
1008 2752 1126 2786 words
1153 2751 1195 2785 of
1212 2763 1259 2785 an
1281 2751 1380 2791 oath,
1411 2751 1479 2787 but
1505 2753 1592 2788 with
1620 2764 1643 2789 a

187 2815 348 2851 purpose
377 2805 419 2839 of
442 2810 507 2840 not
536 2807 724 2851 swearing,
756 2807 861 2841 there
882 2818 945 2842 are
966 2809 1106 2843 writers
1127 2808 1207 2843 who
1231 2808 1320 2843 hold
1346 2809 1428 2844 that
1453 2809 1500 2845 he
1521 2811 1550 2844 is
1577 2815 1644 2846 not

187 2862 326 2902 bound,
341 2861 408 2897 but
425 2862 506 2897 that
522 2862 569 2897 he
589 2863 663 2897 sins
683 2864 733 2909 by
752 2864 930 2910 swearing
948 2865 1082 2910 rashly.
1134 2866 1208 2899 But
1229 2865 1294 2900 the
1314 2866 1475 2901 sounder
1491 2867 1643 2912 opinion

188 2918 232 2960 is,
249 2918 330 2953 that
350 2918 398 2954 he
418 2920 448 2954 is
468 2919 594 2955 bound
614 2924 653 2956 to
674 2921 782 2956 make
807 2925 889 2957 true
910 2921 974 2957 the
996 2922 1112 2957 words
1129 2926 1168 2958 to
1186 2922 1305 2958 which
1324 2922 1374 2959 he
1394 2924 1483 2959 took
1501 2924 1585 2959 God
1605 2928 1643 2959 to
