2018 3204
185 185 275 221 CAP.
295 184 400 228 XX]
772 185 839 219 DE
871 183 1051 219 POENIS.
1566 177 1645 215 255

188 294 246 337 ait
268 294 351 336 uad
373 298 545 336 mortem
570 308 751 350 peccare.
817 293 899 336 Sed
920 292 1015 349 quia
1037 290 1197 334 fallacia
1219 297 1313 333 sunt
1337 289 1423 347 ejus
1443 289 1504 332 rei
1524 305 1648 348 argu-

189 365 340 409 menta,
377 360 506 402 dictat
535 360 685 401 caritas
719 359 920 401 neminem
955 365 1110 400 temere
1138 357 1371 399 habendum
1401 371 1476 412 pro
1509 357 1647 413 deplo-

189 431 293 473 rato,
318 425 377 467 ita
398 431 444 467 ut
467 426 543 467 hoe
566 425 728 480 quidem
751 425 831 466 fine
850 423 1166 473 animadversio,
1189 438 1271 465 non
1291 421 1367 464 nisi
1390 436 1485 464 raro
1509 423 1647 464 admo-

165 489 300 539 ‘dum‚
326 491 457 532 locum
481 491 634 532 habere
657 490 793 545 possit.

290 557 411 598 VIII.
467 558 489 596 1
534 555 730 597 *Utilitas
757 554 843 609 ejus
867 553 979 610 eujus
1002 554 1201 596 intererat
1223 568 1304 595 non
1327 560 1536 610 peceatum
1560 568 1647 596 esse

190 622 233 663 in
255 635 303 662 eo
336 620 414 662 sita
437 626 510 669 est,
534 635 586 661 ne
614 620 782 674 posthac
807 619 888 661 tale
919 619 1017 674 quid
1041 620 1222 674 patiatur
1251 620 1304 660 ab
1326 620 1467 662 eodem
1497 625 1568 662 aut
1595 620 1647 662 ab

190 686 292 729 aliis.
364 685 519 728 Gellius
543 700 594 727 ex
619 686 756 726 Tauro
779 685 884 725 hanc
915 684 1089 739 speciem
1113 685 1168 725 sic
1201 684 1405 734 describit,
1431 701 1525 728 cum
1556 688 1648 740 dig]-

191 754 310 794 nitas
331 753 621 793 auetoritasve
650 751 737 804 ejus
760 751 807 791 in
829 764 953 805 quem
977 757 1038 791 est
1059 757 1292 804 peccatum
1322 753 1478 792 tuenda
1503 759 1574 798 est,
1599 765 1650 792 ne

184 819 483 874 praetermissa
502 817 823 858 animadversio
842 823 1093 857 contemtum
1111 815 1199 869 ejus
1214 816 1375 869 pariat
1394 824 1432 857 et
1455 817 1651 857 honorem

193 885 307 926 levet.
379 883 461 925 Sed
485 882 594 938 quod
627 882 678 924 de
701 881 946 923 auctoritate
973 880 1070 922 laesa
1098 880 1207 929 dicit,
1239 879 1347 922 idem
1378 880 1430 922 de
1460 881 1651 922 libertate

191 949 387 1005 cujusque
408 954 480 990 aut
503 948 582 990 alio
599 948 694 1004 jure
716 948 814 989 laeso
837 945 1144 1003 intelligendum
1170 951 1245 988 est.
1315 946 1439 1001 Apud
1464 947 1651 988 Tacitum

192 1014 390 1071 legimus:
426 1016 660 1056 consuleret
694 1014 920 1055 securitati
944 1013 1066 1066 justa
1097 1013 1270 1054 ultione.
1333 1012 1399 1053 Ne
1435 1012 1503 1068 qui
1532 1012 1652 1054 laesus

192 1086 255 1122 est
277 1081 329 1122 ab
351 1080 493 1121 eodem
518 1079 668 1121 malum
692 1078 886 1134 patiatur,
912 1077 1043 1119 tribus
1069 1077 1198 1119 modis
1221 1077 1356 1118 curari
1379 1084 1539 1133 potest:
1569 1078 1653 1134 pri-

192 1160 303 1187 mum
334 1146 367 1186 si
397 1145 565 1187 tollatur
599 1144 668 1200 qui
695 1143 880 1199 deliquit,
914 1143 1061 1184 deinde
1090 1143 1123 1184 si
1154 1142 1262 1184 vires
1292 1143 1465 1185 nocendi
1496 1143 1533 1185 ei
1566 1143 1653 1185 adi-

193 1217 368 1260 mantur,
392 1216 598 1266 postremo
621 1210 655 1251 si
671 1209 775 1251 malo
798 1223 869 1250 suo
891 1208 1139 1250 dedoceatur
1157 1208 1406 1264 delinquere,
1429 1209 1538 1264 quod
1562 1224 1653 1251 cum

193 1276 477 1318 emendatione
498 1276 550 1318 de
579 1290 661 1332 qua,
678 1275 765 1331 jam
789 1274 946 1331 egimus
974 1274 1231 1330 conjunctum
1262 1280 1333 1316 est.
1404 1275 1469 1316 Ne
1489 1276 1541 1317 ab
1565 1275 1654 1316 aliis

193 1342 369 1384 laedatur
393 1341 461 1398 qui
489 1341 608 1384 laesus
631 1347 705 1390 est,
735 1340 945 1396 punitione
967 1355 1048 1382 non
1072 1340 1227 1396 quavis,
1257 1340 1331 1381 sed
1353 1346 1500 1396 aperta
1529 1347 1653 1396 atque

193 1408 408 1464 conspicua
431 1422 522 1463 quae
545 1408 599 1449 ad
623 1407 853 1462 exemplum
877 1405 1073 1462 pertinet,
1099 1406 1318 1447 obtinetur.

294 1475 321 1515 2
365 1474 432 1515 Ad
462 1474 536 1514 hos
566 1488 666 1529 ergo
690 1472 802 1521 fines,
825 1477 867 1513 et
894 1471 1004 1513 intra
1031 1471 1138 1526 aequi
1161 1471 1359 1512 terminos
1386 1470 1419 1512 si
1450 1471 1655 1528 dirigatur

192 1538 425 1588 vindicatio,
457 1538 580 1580 etiam
604 1538 778 1594 privata,
805 1537 838 1578 si
856 1537 924 1593 jus
956 1537 1110 1578 nudum
1133 1542 1306 1585 naturae,
1339 1536 1379 1578 id
1405 1543 1479 1587 est,
1504 1537 1656 1580 abduc-

193 1657 255 1686 sint
269 1656 449 1686 delictorum
463 1665 585 1694 ρεπεν-α,
607 1655 675 1684 alia
687 1654 809 1692 quidem
823 1664 893 1692 (μα’
959 1653 1142 1692 Spatzhem.)

193 1715 276 1744 spem
285 1707 537 1744 proebentrerum
549 1704 717 1739 meliorum,
732 1713 826 1741 neque
838 1713 890 1733 cu·
1016 1708 1031 1722 ²
1055 1704 1187 1733 Utilitas
1214 1703 1280 1739 ejus
1307 1703 1394 1739 cujus
1421 1705 1571 1733 intererat
1597 1714 1658 1733 non

194 1755 345 1784 rationem
367 1755 493 1793 penitus
519 1753 695 1791 repudiant,
725 1752 794 1781 alia
821 1761 892 1780 vero
954 1755 1116 1791 peccatum
1131 1751 1207 1791 esse]
1231 1753 1336 1781 Etiam
1358 1753 1452 1791 hujus
1465 1754 1511 1782 rei
1530 1754 1561 1781 in
1582 1754 1657 1782 feris

195 1805 349 1834 hominum
363 1803 581 1833 insanabiliter
590 1802 784 1840 peccantium
793 1812 803 1830 .·
821 1801 893 1830 huic
958 1804 1064 1841 imago
1074 1803 1228 1840 quaedam.
1257 1802 1322 1831 Leo
1334 1803 1366 1830 in
1376 1802 1527 1831 adulteroe
1535 1812 1659 1840 poenam

194 1854 299 1893 qeneri
313 1854 392 1892 leqes
406 1856 531 1882 mortem
545 1852 697 1880 malorum
711 1851 826 1879 exitum
843 1860 893 1879 re·
959 1852 1127 1890 comurqit.
1171 1851 1294 1880 Plinius
1312 1851 1468 1881 Historiae
1482 1852 1654 1881 Naturalis

188 1913 308 1942 perere,
331 1906 468 1932 nontam
490 1903 628 1940 ipsorum
648 1910 740 1939 quam
760 1900 893 1928 omnium.
958 1910 1036 1931 vlu.
1050 1901 1098 1932 16,

194 1956 330 1985 aliorum
353 1955 440 1990 bono,
468 1953 577 1992 (Orat.
593 1960 631 1982 n.
652 1961 683 1990 p.
699 1952 738 1982 89
753 1960 788 1981 Β.
827 1951 894 1983 Ed.

195 2130 238 2153 or
268 2117 449 2163 authority
480 2118 525 2164 of
550 2118 622 2152 him
655 2119 797 2164 ayainst
831 2120 945 2153 whom
976 2120 1028 2153 the
1062 2120 1183 2164 offense
1212 2120 1242 2153 is
1273 2117 1470 2152 committed
1498 2117 1528 2150 is
1559 2122 1592 2150 to
1623 2118 1660 2151 be

191 2175 379 2221 protected,
399 2175 458 2208 lest
469 2175 696 2219 punishment
717 2176 860 2210 omitted
873 2176 1027 2221 produce
1047 2181 1218 2220 contempt
1240 2175 1381 2218 thereos,
1398 2174 1474 2207 and
1492 2173 1660 2207 dinzinish

197 2232 241 2266 its
273 2232 435 2270 honour,-
465 2231 534 2265 but
560 2231 658 2266 what
688 2232 716 2266 is
749 2232 825 2266 said
860 2232 903 2266 of
932 2232 1054 2277 injury
1075 2231 1171 2266 done
1192 2236 1231 2266 to
1257 2229 1446 2275 authority
1466 2229 1495 2264 is
1516 2233 1599 2264 true
1621 2229 1664 2264 of

197 2288 319 2333 injury
339 2287 435 2321 done
457 2291 496 2321 to
524 2288 671 2333 liberty,
708 2299 750 2322 or
776 2292 815 2322 to
848 2299 920 2333 any
937 2288 1044 2322 other
1064 2288 1174 2333 right.
1226 2287 1276 2322 As
1298 2287 1448 2321 Tacitus
1469 2297 1550 2333 says
1571 2287 1614 2321 of
1637 2298 1660 2321 a

200 2355 346 2390 person,
366 2345 399 2377 T
397 2345 456 2377 hat
477 2345 515 2377 he
532 2345 641 2388 miqlet
658 2344 791 2378 consult
809 2344 860 2378 his
876 2345 1025 2390 security
1046 2345 1088 2390 by
1101 2346 1177 2391 just
1188 2345 1427 2390 punishment.

276 2400 373 2434 That
393 2399 440 2434 he
461 2399 541 2434 who
561 2400 627 2434 has
648 2400 743 2435 been
764 2401 909 2446 injured
931 2413 1016 2447 may
1037 2406 1103 2435 not
1123 2402 1236 2436 suffer
1258 2401 1330 2436 evil
1354 2401 1452 2435 from
1472 2399 1536 2434 the
1557 2411 1659 2435 same

198 2467 344 2503 person,
363 2468 448 2502 may
467 2456 514 2490 be
537 2457 714 2502 provided
735 2457 794 2492 for
815 2458 850 2491 in
873 2457 979 2493 three
1001 2469 1118 2503 ways:
1157 2459 1247 2499 first,
1275 2458 1325 2504 by
1345 2457 1409 2492 the
1431 2457 1593 2491 removal
1619 2457 1663 2491 of

199 2514 264 2548 the
297 2513 535 2558 delinquent3
578 2514 724 2554 second,
747 2514 797 2560 by
827 2515 955 2560 taking
980 2526 1082 2560 away
1106 2515 1162 2550 his
1187 2526 1311 2560 power
1331 2515 1374 2549 of
1395 2514 1508 2559 doing
1529 2513 1658 2555 harm3

199 2570 350 2616 thirdly,
381 2570 430 2615 by
456 2569 628 2615 teaching
658 2570 748 2613 him,
772 2571 821 2616 by
840 2572 1026 2615 suffering,
1048 2576 1114 2606 not
1140 2576 1178 2606 to
1200 2571 1347 2612 offend3
1378 2570 1496 2604 which
1517 2570 1546 2603 is
1573 2581 1659 2604 con-

200 2627 333 2662 nected
363 2626 452 2661 with
480 2626 544 2661 the
566 2627 806 2661 amendment
837 2628 880 2662 of
907 2628 1025 2662 which
1049 2639 1103 2662 we
1132 2628 1226 2662 have
1256 2627 1409 2673 spoken.
1471 2625 1569 2660 That
1594 2625 1660 2660 the

199 2694 334 2730 person
352 2683 524 2717 offended
540 2682 633 2717 shall
655 2688 721 2718 not
741 2683 787 2718 be
805 2684 948 2728 injured
965 2685 1014 2730 by
1031 2684 1197 2725 another,
1218 2685 1247 2718 is
1265 2689 1304 2718 to
1321 2684 1368 2718 bc
1380 2682 1574 2729 procul-ed,
1593 2685 1660 2717 not

199 2741 250 2786 by
266 2752 337 2786 any
355 2740 478 2775 casual
495 2740 745 2785 punishment,
759 2740 826 2775 but
841 2741 891 2787 by
906 2753 928 2775 a
945 2741 1184 2787 punishment
1202 2751 1298 2786 open
1311 2740 1386 2774 and
1403 2739 1657 2785 conspicuous,

201 2798 244 2832 of
257 2797 320 2832 the
338 2802 470 2831 nature
487 2796 530 2830 of
547 2797 726 2842 example.

279 2858 300 2889 2
340 2855 401 2900 Up
424 2859 461 2888 to
483 2854 587 2888 these
605 2854 717 2889 limits
735 2853 836 2895 then,
858 2854 891 2888 if
908 2854 1129 2889 vindicative
1153 2854 1391 2900 punishment
1411 2853 1458 2888 be
1482 2852 1660 2894 directed,

201 2910 275 2947 and
290 2911 338 2947 be
355 2911 445 2958 kept
461 2911 588 2946 within
605 2910 669 2947 tho
685 2911 829 2947 bounds
845 2911 888 2947 of
906 2912 1043 2959 equity,
1063 2923 1158 2948 even
1176 2912 1210 2946 if
1229 2911 1394 2947 inflicted
1409 2911 1458 2959 by
1478 2922 1501 2946 a
1516 2911 1660 2958 private

1666 698 1743 722 Nocl.
1757 698 1812 722 Att.

1667 728 1702 752 vi.
1717 729 1755 751 Η.

1669 956 1741 980 Ann.
1753 954 1808 979 xiv,
1820 955 1860 978 61.
