2018 3204
358 138 442 177 308
952 142 1019 175 DE
1051 141 1231 175 POEMs.
1658 140 1753 185 [ιω.
1773 142 1820 176 11.

362 251 529 301 malum,
555 250 630 293 etsi
653 249 833 292 nondum
856 248 957 290 illud
981 248 1090 304 quod
1108 248 1415 299 intendebatur,
1448 254 1630 291 secutum
1646 249 1734 306 jam
1756 250 1820 300 sit,

363 322 436 358 aut
459 322 571 358 certe
595 316 740 372 ingens
765 314 1003 370 periculum,
1037 314 1095 355 ita
1119 320 1165 355 ut
1190 314 1409 356 vindicatio
1434 319 1506 355 aut
1530 314 1747 370 conjuncta
1770 316 1824 358 sit

364 397 454 423 cum
479 381 666 423 cautione
690 381 842 422 futurae
863 394 996 428 noxae,
1027 380 1095 433 (de
1119 394 1200 435 qua
1224 394 1348 435 supra
1372 379 1529 436 egimus
1552 380 1594 420 in
1615 380 1747 436 capite
1771 381 1824 422 de

365 447 614 500 defensione)
645 451 718 488 aut
742 445 986 503 dignitatem
1018 445 1156 486 laesam
1187 450 1365 495 tueatur,
1398 450 1471 487 aut
1495 445 1722 501 pernicioso
1754 460 1824 487 ex-

365 512 498 568 emplo
523 517 721 553 occurrat.

468 579 557 618 XL.
615 579 638 618 1
688 576 907 619 Sciendum
933 590 1095 633 quoque
1126 582 1201 626 est,
1225 590 1360 634 reges,
1390 582 1432 619 et
1460 576 1528 633 qui
1552 591 1629 633 par
1657 576 1826 635 regibus

359 643 428 699 jus
453 643 650 693 obtinent,
677 642 746 698 jus
770 643 923 685 habere
955 657 1099 698 poenas
1123 642 1316 699 poscendi
1345 657 1426 684 non
1457 649 1614 685 tantum
1641 643 1693 685 ob
1721 643 1825 698 inju-

365 709 448 751 rias
472 708 514 750 in
533 723 576 750 se
600 714 672 750 aut
690 708 875 750 subditos
898 723 991 751 suos
1014 708 1257 757 commissas,
1278 708 1350 750 sed
1374 714 1416 751 et
1441 709 1492 750 ob
1514 723 1584 750 eas
1608 723 1700 764 quae
1717 709 1826 765 ipsos

366 774 629 831 peculiariter
652 789 733 815 non
757 779 946 831 tangunt,
972 774 1044 815 sed
1068 774 1109 815 in
1133 774 1341 829 quibusvis
1365 774 1548 830 personis
1574 773 1643 830 jus
1666 781 1827 816 naturae

368 846 440 882 aut
463 840 647 897 gentium
671 840 903 882 immaniter
927 839 1091 882 violant.
1161 841 1269 881 Nam
1299 840 1469 881 libertas
1493 841 1682 881 humanae
1703 840 1827 882 socie-

368 905 445 948 tati
477 921 553 962 per
576 920 717 961 poenas
741 906 989 955 consulendi,
1019 920 1112 961 quae
1141 905 1270 958 initio,
1300 911 1347 947 ut
1377 905 1564 955 diximus,
1592 920 1718 961 penes
1748 905 1828 946 sin-

368 972 488 1029 gulos
524 972 673 1023 fuerat,
711 971 944 1013 civitatibus
981 986 1027 1013 ac
1057 971 1221 1027 judiciis
1257 971 1454 1013 institutis
1490 985 1617 1027 penes
1651 984 1829 1013 summas

368 1042 593 1092 potestates
626 1037 792 1086 resedit,
826 1052 908 1079 non
943 1037 1110 1093 proprie
1143 1052 1224 1093 qua
1263 1037 1352 1079 aliis
1387 1037 1604 1092 imperant,
1639 1037 1712 1078 sed
1747 1051 1830 1092 qua

368 1102 520 1144 nemini
544 1109 702 1159 parent.
750 1103 858 1144 Nam
882 1102 1077 1158 subjectio
1101 1103 1190 1144 aliis
1214 1103 1256 1145 id
1272 1103 1341 1159 jus
1364 1103 1546 1145 abstulit.
1602 1104 1689 1144 Imo
1713 1108 1829 1145 tanto

368 1168 579 1210 honestius
615 1175 677 1210 est
701 1168 855 1210 alienas
889 1168 1058 1224 injurias
1083 1183 1203 1224 quam
1236 1183 1329 1210 suas
1353 1168 1573 1217 vindicare,
1610 1174 1763 1224 quanto
1788 1168 1830 1209 in

369 1233 452 1274 suis
475 1234 607 1291 magis
626 1234 888 1275 metuendum
908 1241 970 1276 est
992 1249 1043 1276 ne
1064 1234 1153 1289 quis
1178 1234 1329 1276 doloris
1347 1233 1408 1275 sui
1426 1248 1547 1275 sensu
1568 1240 1641 1275 aut
1664 1234 1830 1275 modum

369 1299 554 1348 excedat,
581 1305 651 1340 aut
674 1305 785 1341 certe
809 1299 989 1340 animum
1012 1299 1178 1341 inficiat.

461 1366 488 1405 2
536 1366 592 1406 Et
626 1365 703 1406 hoc
741 1364 904 1406 nomine
940 1366 993 1406 ab
1032 1365 1210 1420 antiquis
1250 1365 1497 1420 praedicatus
1532 1374 1594 1408 est
1628 1365 1830 1408 Hercules

368 1430 479 1485 quod
512 1430 674 1480 Antaeo,
712 1430 915 1479 Busiride,
947 1430 1159 1479 Diomede,
1190 1436 1232 1472 et
1260 1430 1454 1472 similibus
1490 1432 1701 1488 Styrannis
1733 1431 1831 1472 libe-

154 1503 328 1557 ssfssenes-i-
367 1496 473 1537 rarit
496 1501 643 1545 terras,
676 1510 790 1551 quas,
828 1501 872 1537 ut
899 1496 1054 1537 Seneca
1077 1496 1129 1537 de
1158 1510 1205 1537 eo
1228 1495 1421 1550 loquitur,
1450 1496 1614 1539 transiit
1637 1511 1719 1538 non
1739 1511 1832 1538 con-

151 1564 221 1617 {5233
234 1564 342 1625 &5212
369 1561 627 1618 cupiscendo,
659 1561 730 1603 sed
765 1561 1022 1612 vindicando,
1055 1561 1326 1603 maximorum
1357 1562 1558 1604 bonorum
1586 1568 1729 1605 auctor
1760 1563 1833 1604 ho-

151 1625 204 1648 213.

426 1696 437 1711 Β
463 1690 620 1728 Tyramzis
635 1690 779 1719 liberarit
799 1687 917 1727 terras]
941 1689 985 1718 Et
999 1698 1067 1718 ma-

368 1740 424 1769 ria.
479 1741 571 1768 Philo
600 1740 637 1768 de
665 1739 856 1777 Leyatione:

1138 1688 1275 1719 omnibus
1284 1688 1406 1726 partim
1420 1689 1596 1718 necessaria
1603 1689 1725 1727 partim
1737 1698 1834 1728 peru-

899 1738 1067 1776 Ἠρακλῆς
1136 1739 1219 1774 tilia,
1241 1741 1274 1766 ut
1296 1739 1415 1767 tolleret
1438 1739 1591 1767 hominum
1613 1740 1833 1768 animantium-

368 1788 506 1826 ἐκάθῃρε
542 1790 605 1825 γῆν
639 1789 693 1817 καὶ
728 1788 915 1825 θάλατταν,
947 1787 1067 1816 ἄθλους

367 1836 655 1874 ἀναγκαιοτάτους
689 1836 742 1865 καὶ
783 1835 1068 1873 ὠφελιμωτάτους

368 1885 496 1914 ἅπασιν
510 1885 692 1924 ἀνθρώποις
712 1885 872 1919 ὑποστάς,
894 1885 986 1913 ἕνεκα
1006 1886 1067 1913 τοῦ

1136 1799 1193 1827 que
1215 1789 1349 1817 aliorum
1363 1798 1401 1817 ea
1415 1798 1480 1826 quae
1497 1789 1644 1819 exitialia
1665 1793 1720 1819 aut
1736 1790 1835 1818 nomia

1136 1842 1242 1868 essent.
1283 1838 1377 1876 (Pag.
1394 1840 1470 1868 1003
1485 1839 1535 1877 D.)

1197 1892 1206 1909 t
1241 1888 1334 1917 Ultor
1355 1892 1387 1917 ut
1410 1890 1556 1918 scelerum
1577 1888 1681 1928 vocer]
1712 1889 1834 1919 Ibidem

369 1934 416 1964 τά
429 1935 581 1973 βλαβερά
596 1935 648 1963 καὶ
666 1934 833 1963 κακωτικιὶ
849 1935 978 1971 φύσεως
993 1935 1067 1962 ἐκα-

369 1984 468 2022 τέρας
481 1984 622 2014 ἀνελεῖν·
644 1984 796 2013 Hercules
804 1984 956 2021 purqavz't
967 1986 1069 2011 terras

1137 1936 1253 1965 dicenti
1268 1937 1384 1966 Feciali
1400 1938 1496 1974 (vers.
1511 1939 1607 1975 574):

1163 1995 1204 2021 *H
1222 1996 1308 2022 πᾶσιν
1325 1996 1373 2022 οὖν
1386 1996 1411 2022 ‹r'
1432 1996 1535 2029 ἔφυσεν
1556 1997 1680 2029 ἐξαρκεῖν
1695 1997 1799 2030 πατήρ,·

370 2044 409 2065 ac
427 2036 542 2072 maria,
565 2036 735 2065 certamina
754 2034 876 2063 subiens
897 2033 1069 2061 hominibus
1168 2040 1230 2064 'reu'
1247 2047 1310 2070 ergo
1325 2040 1389 2064 sevit
1406 2040 1530 2065 omuibus
1546 2041 1649 2070 genitor
1667 2042 1783 2071 parem?

370 2198 475 2238 least,
490 2201 595 2243 great
611 2198 772 2244 danger3
798 2209 838 2234 so
855 2198 937 2233 that
956 2198 1020 2233 the
1038 2198 1277 2244 punishment
1297 2198 1344 2232 be
1365 2197 1560 2242 conjoined
1580 2195 1667 2231 with
1687 2199 1833 2242 protec-

370 2255 450 2289 tion
476 2256 619 2300 against
639 2256 764 2290 future
785 2255 963 2297 mischief,
989 2267 1031 2290 or
1050 2255 1098 2290 be
1115 2267 1137 2290 a
1153 2255 1306 2290 defense
1323 2255 1367 2289 of
1383 2254 1556 2290 offended
1577 2253 1730 2300 dignity,
1751 2264 1793 2288 or
1813 2264 1835 2288 a

369 2311 523 2357 remedy
543 2316 581 2346 to
603 2324 624 2346 a
640 2313 850 2358 pernicious
873 2313 1051 2358 example.

442 2369 523 2403 XL.
579 2373 596 2402 1
630 2370 666 2403 It
695 2370 724 2403 is
750 2374 789 2404 to
818 2370 865 2404 be
893 2369 1120 2404 understood
1151 2370 1229 2404 also
1254 2369 1336 2404 that
1359 2369 1478 2414 kings‚
1500 2368 1574 2402 and
1599 2367 1689 2414 they
1713 2367 1837 2402 whose

371 2424 489 2470 rights
511 2436 573 2460 are
597 2426 640 2460 of
665 2425 729 2460 the
757 2430 889 2460 nature
911 2427 954 2460 of
970 2427 1073 2471 royal
1094 2426 1223 2471 rights,
1245 2426 1338 2460 have
1365 2426 1430 2460 the
1453 2425 1552 2470 right
1577 2425 1619 2459 of
1645 2425 1836 2469 requiring

370 2482 622 2527 punishment,
653 2487 719 2517 not
745 2484 831 2528 only
855 2483 915 2517 for
939 2483 1090 2528 injuries
1118 2483 1335 2517 committed
1357 2483 1501 2527 against
1520 2481 1624 2516 them
1644 2481 1717 2515 and
1737 2481 1836 2515 their

370 2539 542 2583 subjects,
568 2539 636 2573 but
662 2539 721 2573 for
740 2539 847 2574 those
873 2540 950 2574 also
978 2539 1096 2574 which
1121 2540 1169 2574 do
1195 2544 1261 2574 not
1286 2539 1490 2585 peculiarly
1507 2538 1620 2573 touch
1637 2538 1751 2579 them,
1767 2537 1836 2572 but

369 2595 489 2629 which
507 2596 743 2642 enormously
767 2597 902 2631 violate
931 2596 994 2631 the
1015 2597 1084 2631 law
1105 2596 1147 2631 of
1169 2601 1302 2631 nature
1327 2596 1401 2630 and
1421 2596 1567 2630 nations
1590 2596 1630 2628 in
1654 2606 1726 2640 any
1750 2605 1836 2639 per-

370 2663 466 2686 sons.
526 2653 600 2686 For
632 2653 696 2687 the
724 2653 859 2699 liberty
890 2653 933 2688 of
958 2654 1152 2699 providing
1181 2653 1240 2687 for
1272 2653 1412 2687 human
1444 2652 1584 2697 society
1611 2651 1660 2697 by
1683 2650 1835 2696 punish-

371 2714 484 2750 ment,
505 2709 624 2744 which
645 2714 683 2743 at
704 2710 794 2751 first,
822 2721 861 2744 as
889 2721 942 2744 we
963 2710 1056 2744 have
1073 2710 1164 2751 said,
1181 2721 1251 2744 was
1273 2710 1311 2743 in
1331 2709 1396 2744 the
1416 2708 1534 2743 hands
1551 2708 1593 2742 of
1605 2707 1835 2747 individuals,

372 2765 447 2805 did,
464 2766 567 2800 when
590 2771 703 2801 states
721 2767 794 2801 and
811 2767 992 2801 tribunals
1010 2778 1105 2802 were
1120 2767 1328 2808 instituted,
1344 2767 1412 2800 fall
1432 2771 1470 2800 to
1495 2765 1559 2799 the
1576 2765 1683 2799 share
1708 2763 1750 2798 of
1770 2763 1835 2797 the

372 2831 543 2865 supreme
560 2823 788 2864 authorities,
810 2828 877 2858 not
897 2825 1072 2870 properly
1092 2835 1131 2858 as
1149 2823 1408 2869 commanding
1425 2822 1560 2863 others,
1580 2821 1648 2855 but
1668 2831 1707 2853 as
1724 2819 1836 2864 being

373 2875 594 2912 themselves
631 2880 773 2924 subject
807 2885 846 2915 to
878 2892 987 2916 none.
1051 2881 1125 2915 For
1159 2881 1366 2925 subjection
1391 2879 1480 2913 took
1509 2888 1611 2922 away
1636 2876 1700 2910 the
1735 2876 1835 2921 right
