2018 3204
371 108 454 149 304
961 114 1030 148 DE
1062 114 1241 148 POENIS.
1669 111 1764 156 [Lm.
1782 113 1830 147 II.

361 225 494 279 fidem
519 232 650 272 tuam,
676 238 811 279 quam
834 224 963 264 habes
986 224 1033 264 in
1060 224 1242 272 Christo,
1262 237 1344 277 per
1367 224 1507 277 ipsias
1529 224 1713 264 Domini
1736 237 1830 265 ⁷203-

373 291 434 332 tri
462 291 820 337 misericordiam,
850 296 898 329 ‘cet
922 289 998 330 hoc
1022 303 1105 329 ozon
1124 289 1294 343 facias,
1319 304 1393 330 nec
1424 290 1592 330 omnino
1609 290 1710 344 fieri
1732 303 1829 342 per-

372 357 532 397 mittas.
585 354 710 409 Cujus
734 358 796 394 est
820 358 862 395 et
885 353 986 395 hoc:
1014 355 1089 395 Sic
1112 355 1244 396 etiam
1264 355 1380 409 ipsos
1403 356 1633 396 criminum
1657 355 1827 403 ultores,

372 430 501 475 atque
535 421 583 461 in
612 421 688 461 hoc
715 420 846 474 officio
875 434 958 460 non
988 421 1062 461 ira
1088 421 1278 474 propria
1305 422 1551 469 concitatos,
1587 421 1660 462 scd
1691 420 1829 474 leyum

371 488 603 536 ministros,
636 500 710 527 nec
744 500 924 526 suarum
951 487 1025 527 secl
1053 487 1298 527 alienarum
1334 487 1682 528 examinatarum
1717 486 1829 540 inju-

372 554 544 593 riarum
575 552 778 599 vindices,
819 551 966 604 quales
989 551 1159 605 judices
1183 566 1267 594 csse
1296 553 1455 600 debent,
1490 553 1644 593 terruit
1675 553 1828 593 divina

372 632 566 667 censura,
599 626 647 658 ut
678 618 916 671 cogyitarent
943 626 1124 672 propter
1154 632 1233 659 sua
1262 626 1448 672 peccata
1482 619 1827 660 misericordiam

370 685 459 725 Dei
492 684 792 732 necessariam,
816 697 891 724 ozee
918 691 1128 738 putarent
1149 685 1210 725 acl
1241 685 1417 738 culpam
1441 685 1568 738 officii
1591 685 1665 725 sui
1690 685 1829 738 perti-

369 765 480 799 nere,
515 750 662 803 siquid
696 763 800 803 crya
831 763 898 790 eos
923 750 1262 791 misericorditer
1296 757 1482 804 afferent,
1513 764 1692 805 quorum
1727 751 1829 791 vitce

370 817 564 871 necisque
588 816 791 857 haberent
815 815 1049 869 leyitimam
1070 823 1338 870 potestatem.

471 882 697 923 XXXVII.
769 881 991 936 Speramus
1020 880 1121 922 nihil
1149 895 1174 922 a
1203 881 1319 923 nobis
1351 879 1686 937 praetermissum,
1719 879 1829 936 quod

371 948 423 989 ad
448 948 568 1004 hujus
589 946 823 1004 argumenti
847 946 945 988 satis
969 946 1137 988 difficilis
1161 953 1203 989 et
1227 947 1390 989 obscuri
1414 947 1688 1004 cognitionem
1712 961 1827 1003 mag-

370 1028 524 1070 nopere
558 1013 703 1055 faciat:
741 1027 836 1054 nam
871 1018 1048 1067 quatuor
1077 1012 1147 1054 illa
1181 1028 1274 1069 quae
1308 1012 1619 1054 mMaimonides
1653 1012 1829 1054 maxime

370 1079 432 1121 ait
454 1079 630 1136 spectari
652 1079 694 1120 in
712 1078 853 1134 poenis,
879 1078 1203 1135 magnitudinem
1228 1079 1396 1134 peccati,
1421 1079 1464 1121 id
1489 1084 1551 1121 est
1574 1078 1725 1129 damni,
1747 1078 1829 1120 fre-

371 1146 580 1201 quentiam
612 1145 753 1187 talium
787 1150 1059 1200 peccatorum,
1095 1145 1367 1200 quantitatem
1402 1144 1750 1200 concupiscentiae,
1787 1149 1829 1186 et

372 1211 506 1266 operis
528 1211 779 1259 facilitatem,
815 1210 869 1252 ad
893 1224 967 1252 sua
996 1210 1084 1252 loca
1115 1211 1352 1261 retulimus3
1386 1226 1460 1252 nec
1484 1211 1616 1252 minus
1645 1210 1715 1252 illa
1739 1224 1828 1265 sep-

153 1286 326 1345 1173131sssgft-
371 1282 455 1319 tem
488 1291 579 1332 quae
603 1277 768 1318 confuse
791 1275 890 1317 satis
913 1275 954 1316 in
983 1276 1115 1332 poenis
1139 1277 1369 1320 considerat
1403 1277 1659 1319 Saturninus.
1719 1277 1827 1317 Nam

150 1342 268 1372 def’oen·
371 1357 548 1399 persona
571 1342 657 1399 ejus
681 1341 750 1397 qui
774 1340 871 1383 fecit
895 1341 949 1383 ad
978 1342 1249 1397 aptitudinem
1273 1343 1384 1384 illam
1411 1342 1622 1398 judicandi
1649 1341 1828 1383 maxime

370 1408 563 1465 pertinet,
598 1415 640 1450 et
663 1422 840 1464 persona
863 1407 950 1462 ejus
974 1407 1042 1462 qui
1066 1408 1223 1463 patitur
1253 1408 1460 1450 interdum
1492 1408 1646 1463 aliquid
1670 1407 1829 1449 confert

369 1475 424 1516 ad
457 1474 738 1517 aestimandam
771 1473 901 1529 culpae
926 1473 1261 1530 magnitudinem.
1320 1475 1481 1516 nLocus
1510 1473 1719 1529 injustitiae
1747 1473 1829 1514 cul-

369 1555 465 1597 pam
489 1541 667 1596 aliquam
691 1539 846 1581 addere
870 1539 973 1580 solet
994 1539 1253 1595 peculiarem,
1273 1545 1345 1583 aut
1369 1540 1493 1582 etiam
1516 1540 1570 1581 ad
1593 1539 1830 1581 facilitatem

368 1607 502 1663 operis
527 1607 746 1663 pertinere.
803 1606 983 1661 Tempus
1015 1611 1061 1647 ut
1085 1605 1324 1648 diuturnum
1355 1612 1417 1648 est
1440 1611 1513 1648 aut
1538 1606 1676 1655 breve,
1701 1605 1760 1647 ita
1782 1605 1830 1647 li-

424 1727 446 1742 m
467 1722 691 1761 stIaimonides]
716 1722 786 1751 Lib.
807 1730 861 1751 111.
875 1721 1064 1757 Directorz‘s,
1130 1726 1219 1761 πεῖν,
1240 1723 1303 1752 οὐδ’
1318 1722 1516 1762 ἐργάζεσθαί
1534 1735 1570 1752 τι
1586 1724 1654 1751 τῶν
1673 1722 1717 1759 μή
1736 1721 1830 1759 ἐφιε-

364 1782 390 1800 c.
413 1774 465 1801 41.
508 1773 627 1802 Confer
650 1783 677 1802 c.
700 1774 781 1802 sicut
803 1773 947 1810 dignum,
968 1772 998 1802 6.
1026 1772 1063 1800 cle
1130 1772 1232 1809 μένων
1247 1773 1279 1801 ἐν
1292 1772 1446 1810 βεβήλοις
1460 1772 1478 1807 ἦ
1494 1771 1593 1809 ἱεροῖς
1608 1771 1751 1810 χωρίοις,
1765 1770 1829 1800 οὐδ’

364 1822 530 1851 homicidio
545 1822 721 1851 voluntario
735 1823 782 1851 vel
795 1822 928 1851 casuali.
1131 1821 1165 1850 ἐν
1187 1821 1318 1859 ἑορταῖς
1341 1822 1395 1851 καὶ
1417 1821 1625 1859 πανηγύρεσι
1648 1820 1702 1849 καὶ
1730 1821 1836 1858 δημοῖ

424 1877 437 1891 ¹¹
458 1871 562 1900 Locus
588 1871 745 1907 injustitiae
772 1872 895 1908 culpam
922 1871 1063 1908 aliquam
1129 1870 1248 1899 τελὲσι
1271 1870 1407 1899 fluo-lats·
1435 1880 1495 1899 non
1516 1870 1596 1899 idem
1618 1873 1662 1899 est
1685 1871 1778 1908 patri
1802 1874 1831 1900 et

365 1921 482 1950 addere
503 1921 579 1949 solet
596 1919 803 1958 peculiarem]
834 1920 925 1948 Philo
951 1920 1022 1950 Lib.
1038 1928 1061 1949 1.
1131 1923 1277 1947 extraneo
1299 1919 1417 1957 inferre
1441 1920 1593 1948 violentas
1613 1929 1743 1948 manus:
1776 1929 1830 1949 nec

364 1970 402 1999 de
416 1970 552 2008 Leqibus
567 1969 780 2008 specialibus.-
804 1971 840 1998 οὐ
856 1969 922 2007 γάρ
936 1969 1063 1998 ταυτὸν
1131 1968 1210 1997 idem
1225 1969 1425 2006 maqistratuz·
1439 1972 1467 1997 et
1474 1969 1605 2006 privato
1619 1969 1803 1998 maledicere
1815 1980 1826 1999 .·

363 2022 472 2056 πατρὶ
494 2020 547 2048 καὶ
565 2020 738 2057 ἀλλοτρίῳ
756 2018 893 2057 πληγάς
916 2019 1064 2056 ἑμφορῆ-
1130 2028 1183 2047 nec
1197 2018 1341 2047 illicitum
1350 2019 1475 2056 aliquid
1484 2022 1617 2056 patrare
1630 2019 1662 2046 in
1673 2018 1739 2047 loco
1750 2028 1828 2056 pro-

365 2081 433 2107 σαι,
459 2069 522 2098 οὐδ’
546 2068 683 2107 ἄρχοντ’
705 2068 723 2104 ἣ
746 2068 878 2102 ἰδιώτην
896 2070 1000 2097 κακῶς
1020 2070 1064 2096 εἱ-
1120 2068 1206 2105 fano
1229 2071 1256 2096 et
1277 2077 1382 2104 sacro,
1403 2068 1435 2096 in
1449 2068 1499 2096 die
1509 2068 1605 2105 festo,
1626 2068 1659 2096 in
1673 2071 1828 2103 conventu,

431 2236 638 2271 XXXVII.
687 2236 756 2270 We
780 2235 879 2281 hope
904 2246 959 2270 we
983 2234 1078 2269 have
1103 2233 1260 2268 omitted
1286 2233 1443 2278 nothing
1468 2233 1672 2279 important
1694 2233 1733 2267 in
1753 2233 1826 2268 this

363 2294 519 2329 obscure
540 2293 614 2327 and
632 2293 786 2327 difficult
812 2296 1020 2337 argument.
1071 2291 1139 2325 We
1156 2291 1250 2325 have
1267 2291 1381 2325 taken
1401 2294 1558 2324 account
1585 2290 1628 2325 of
1654 2290 1718 2325 the
1741 2290 1827 2325 four

362 2351 487 2396 things
518 2349 637 2384 which
661 2350 908 2384 Maimonides
933 2360 1015 2394 says
1039 2359 1103 2382 are
1127 2347 1261 2393 chiefly
1285 2351 1324 2382 to
1349 2348 1395 2382 be
1416 2347 1597 2392 regarded
1617 2347 1655 2381 in
1676 2347 1826 2392 punish-

362 2411 507 2448 ments3
528 2407 592 2441 the
612 2410 801 2452 greatness
827 2406 870 2440 of
894 2405 960 2440 the
981 2406 1048 2446 sin,
1068 2405 1115 2439 its
1135 2405 1348 2450 frequency,
1368 2404 1433 2438 the
1457 2408 1611 2439 amount
1632 2404 1675 2438 of
1695 2404 1826 2446 desire,

363 2464 428 2499 the
449 2463 590 2509 facility
607 2463 650 2497 of
667 2463 731 2497 the
752 2463 870 2504 deed;
900 2463 975 2497 and
995 2462 1072 2496 also
1097 2462 1162 2496 the
1183 2473 1293 2496 seven
1310 2462 1433 2507 points
1455 2460 1575 2494 which
1604 2461 1825 2495 Saturninus

362 2532 452 2567 very
480 2520 698 2566 confusedly
725 2520 912 2554 considers
945 2520 984 2553 in
1009 2519 1292 2565 punishments3
1317 2518 1382 2552 the
1412 2529 1548 2564 person
1574 2518 1655 2553 who
1676 2517 1740 2552 did
1760 2517 1825 2553 the

364 2578 470 2618 deed,
495 2577 559 2611 the
584 2588 719 2622 person
744 2577 826 2612 who
854 2576 997 2615 suffers,
1029 2576 1095 2610 the
1122 2576 1240 2621 place,
1271 2575 1337 2610 the
1364 2575 1465 2616 time,
1489 2574 1554 2609 the
1581 2575 1734 2620 quality,
1760 2574 1824 2609 the

363 2635 544 2680 quantity,
561 2633 625 2668 the
655 2634 895 2676 event3—-all
925 2633 989 2668 the
1020 2644 1131 2668 seven
1159 2632 1297 2677 belong
1324 2635 1364 2666 to
1389 2643 1460 2666 one
1490 2642 1532 2666 or
1561 2631 1670 2667 other
1690 2631 1732 2666 of
1757 2642 1826 2666 our

362 2691 488 2726 heads.

433 2748 658 2782 XXXVIII.
698 2748 796 2783 That
812 2759 903 2782 wars
920 2759 984 2782 are
996 2747 1227 2781 undertaken
1243 2749 1309 2780 not
1325 2745 1588 2791 unfrequently
1604 2748 1643 2779 to
1664 2743 1825 2778 demand

362 2804 612 2847 punishment,
624 2816 677 2839 we
690 2805 783 2840 have
797 2805 921 2840 shown
938 2805 1065 2845 above,
1079 2804 1152 2838 and
1168 2804 1310 2849 history
1325 2802 1557 2848 everywhere
1570 2801 1732 2836 teaches:
1755 2801 1824 2835 but

362 2859 497 2905 mostly
521 2860 594 2896 this
623 2873 732 2898 cause
760 2863 790 2897 is
817 2861 1010 2907 conjoined
1030 2861 1118 2897 with
1138 2860 1220 2896 that
1237 2860 1356 2902 other,
1372 2859 1436 2895 the
1452 2858 1664 2905 reparation
1689 2857 1731 2892 of
1757 2857 1823 2892 the
