2018 3204
216 199 305 233 Car.
327 196 433 240 XX]
803 199 871 232 DE
902 199 1081 233 POENIS.
1594 196 1674 236 289

214 305 464 363 probabilis:
500 321 592 363 quae
620 312 757 350 autem
791 307 872 350 sint
904 322 1036 350 causae
1067 307 1311 364 probabilcS,
1337 321 1570 363 quanquam
1595 323 1676 350 non

215 376 351 428 potest
388 373 559 428 praecise
596 373 771 423 definiri,
808 374 1031 415 tenendum
1071 379 1210 416 tamen
1253 379 1327 423 cst,
1370 373 1546 429 majores
1585 389 1673 416 esse

215 437 368 479 debere
391 444 484 493 post
506 439 653 496 legem,
679 453 801 494 quam
837 453 928 493 quae
958 444 1055 481 ante
1082 439 1217 496 legem
1247 439 1552 495 spectabantur,
1578 439 1675 495 quia

214 502 318 559 legis
351 503 587 555 auctoritas,
629 519 752 560 quam
787 504 945 546 servari
975 503 1075 547 utile
1107 510 1182 555 est,
1215 505 1270 546 ad
1304 519 1446 547 causas
1479 505 1675 562 puniendi

213 568 393 610 accessit.

308 634 446 677 XXV.
513 636 657 677 Causae
694 640 831 677 autem
871 635 1073 678 liberandi
1118 636 1294 692 aliquem
1336 651 1362 678 a
1402 651 1527 693 poena
1569 637 1674 694 legis

213 697 345 741 solent
366 714 454 742 esse
479 706 552 742 aut
577 700 821 750 intrinsecae,
844 707 918 743 aut
948 701 1200 743 extrinsecae.
1267 702 1506 751 Intrinseca,
1530 717 1619 744 cum
1640 703 1675 744 si

212 778 295 805 non
316 764 480 820 injusta,
507 766 612 808 dura
635 772 772 808 tamen
795 772 857 808 est
878 780 1001 823 poena
1021 767 1074 808 ad
1095 767 1248 808 factum
1270 773 1517 823 comparata.

313 831 474 874 XXVI.
538 831 797 882 Extrinseca,
834 847 889 874 ex
917 831 1064 874 merito
1096 832 1245 887 aliquo,
1282 838 1355 874 aut
1385 832 1466 873 alia.
1497 847 1544 873 re
1568 846 1675 873 com-

212 896 459 939 mendante:
496 903 569 939 aut
600 897 724 939 etiam
759 912 831 952 spe
861 911 1012 954 magna
1038 897 1081 938 in
1115 902 1351 952 posterum:
1387 897 1498 952 quod
1538 912 1671 939 causae

212 976 343 1018 genus
373 967 470 1004 tunc
499 963 676 1005 maxime
708 962 891 1012 sufficiet,
918 962 951 1003 si
984 961 1091 1004 ratio
1119 961 1222 1019 legis
1246 962 1392 1003 saltem
1416 962 1674 1018 particulari-

212 1034 278 1069 ter
302 1035 433 1070 cesset
455 1028 497 1070 in
521 1029 628 1070 facto
664 1028 715 1070 de
746 1043 827 1083 quo
859 1027 1013 1085 agitur.
1082 1028 1191 1068 Nam
1216 1042 1450 1083 quanquam
1475 1028 1529 1070 ad
1553 1029 1673 1070 susti-

211 1094 388 1135 nendam
409 1094 513 1151 legis
537 1094 754 1136 efficaciam
779 1093 878 1135 satis
909 1099 972 1135 est
1001 1093 1108 1135 ratio
1145 1093 1388 1135 universalis
1410 1093 1497 1135 sine
1521 1109 1673 1151 repug-

211 1159 354 1201 nantia,
377 1160 598 1202 contrariae
618 1159 801 1208 rationis,
828 1154 986 1201 itamen
1018 1158 1190 1200 cessatio
1223 1159 1406 1209 rationis,
1432 1159 1555 1201 etiam
1580 1174 1673 1215 quae

210 1225 471 1280 particularis
503 1232 577 1276 est,
614 1224 733 1267 efficit
768 1231 814 1267 ut
848 1224 915 1266 lex
950 1224 1107 1266 facilius
1141 1230 1184 1266 ct
1218 1224 1375 1266 minore
1409 1240 1499 1266 cum
1524 1226 1672 1267 damno

210 1290 467 1333 auctoritatis
500 1291 603 1333 solvi
631 1290 770 1347 possit.
842 1291 892 1332 Id
925 1296 1063 1332 autem
1098 1290 1275 1333 maxime
1309 1306 1386 1333 usu
1409 1290 1523 1333 venit
1552 1291 1594 1332 in
1625 1291 1673 1333 iis

211 1356 369 1398 delictis
393 1371 485 1413 quae
508 1372 583 1414 per
614 1356 904 1414 ignorantiam,
930 1356 1115 1412 quamvis
1149 1357 1268 1412 culpa
1292 1356 1401 1398 omni
1425 1371 1507 1397 non
1531 1371 1673 1398 caren-

210 1427 307 1472 tem,
332 1429 405 1465 aut
429 1438 503 1479 per
527 1423 651 1465 animi
679 1422 959 1464 infirmitatem
991 1422 1263 1478 superabilem
1287 1422 1451 1477 quidem
1476 1422 1548 1463 sed
1572 1422 1673 1463 diffi-

211 1488 342 1530 culter
365 1489 652 1544 superabilem,
678 1488 1014 1530 committuntur:
1049 1488 1102 1529 ad
1138 1502 1230 1543 quae
1263 1487 1522 1529 Christianus
1545 1487 1673 1529 homi-

210 1625 286 1655 pag.
301 1617 370 1650 227,
392 1617 460 1646 228.
500 1616 564 1645 Ed.
591 1616 751 1645 Harduin.
793 1616 906 1652 Locus,
976 1616 1062 1654 Opp.
1080 1616 1165 1652 Aug.
1206 1615 1271 1645 Ed.
1286 1614 1496 1652 Benedictin]

211 1666 265 1704 qui
290 1669 451 1704 tamquam
479 1675 517 1695 ex
546 1666 727 1704 Augustino
755 1666 906 1701 adfertur,
1016 1666 1040 1698 ‚¹
1067 1666 1179 1694 Tamen
1194 1665 1323 1694 cessatio
1338 1665 1481 1700 rationis,
1501 1664 1673 1702 etiamquoe

211 1724 274 1744 non
291 1720 338 1745 est
352 1716 434 1745 illius
452 1716 566 1751 Patris,
587 1725 777 1753 quamquam
793 1715 907 1743 millies
968 1715 1182 1753 particularis
1195 1718 1248 1750 est,
1271 1715 1364 1754 efficit
1379 1718 1411 1742 at
1428 1714 1476 1743 Im·
1489 1714 1628 1752 facilius=
1645 1717 1673 1743 et

211 1767 269 1795 sub
290 1766 387 1804 ipsius
402 1766 527 1794 nomine
542 1766 696 1800 laudatus,
719 1768 783 1793 eta
799 1764 907 1793 multis
974 1765 1091 1793 minore
1118 1773 1185 1792 cum
1222 1763 1333 1792 damno
1364 1763 1564 1792 auctoritatis
1594 1763 1674 1792 solvi

211 1817 423 1852 Auctoribus;
454 1815 508 1844 sed
533 1815 615 1843 illius
638 1815 691 1852 qui
718 1814 907 1852 Qaoestiones
968 1812 1088 1852 possit]
1113 1813 1218 1841 Multa
1238 1813 1278 1841 ad
1299 1813 1380 1841 hanc
1400 1822 1465 1841 rem
1484 1812 1575 1841 utilia
1596 1822 1671 1841 con-

218 1867 278 1896 I'ee.
302 1870 331 1896 et
351 1866 393 1895 N.
422 1866 605 1895 Testamenti
626 1865 761 1902 scripsit,
784 1864 906 1898 Quaest.
974 1863 1073 1902 gessit
1090 1862 1260 1892 Gratianus
1275 1871 1370 1891 causa
1384 1870 1407 1892 1.
1423 1862 1596 1900 quaestione
1611 1863 1639 1892 7.

212 1918 264 1947 De
290 1916 372 1946 Fato
405 1918 472 1946 115.
526 1914 704 1953 Appendic.
738 1914 829 1944 Tom.
853 1922 905 1942 111.

209 2083 307 2117 after
341 2082 405 2118 the
439 2083 518 2123 law,
552 2082 644 2117 than
675 2092 771 2117 were
801 2079 984 2127 regarded
1022 2078 1152 2114 before
1189 2077 1253 2112 the
1283 2078 1374 2118 law3
1410 2077 1568 2112 because
1607 2076 1672 2112 the

210 2140 399 2186 authority
425 2140 467 2175 of
488 2139 552 2174 the
578 2140 657 2181 laW,
681 2138 800 2173 which
830 2139 860 2172 it
890 2138 920 2172 is
945 2137 1150 2182 important
1174 2138 1213 2169 to
1250 2145 1433 2180 preserve,
1468 2133 1534 2168 has
1574 2133 1672 2168 been

209 2197 331 2231 added
352 2202 391 2231 to
412 2197 476 2232 the
498 2196 606 2231 other
626 2207 753 2230 causes
775 2195 817 2230 of
832 2193 1085 2240 punishment.

290 2254 415 2288 XXV.
478 2253 558 2287 The
583 2264 709 2287 causes
735 2251 778 2286 of
798 2251 995 2294 liberating
1019 2261 1091 2294 any
1114 2259 1185 2282 one
1216 2247 1313 2281 from
1337 2246 1401 2280 the
1431 2246 1671 2291 punishment

210 2310 254 2344 of
270 2310 334 2345 the
354 2311 433 2351 laW,
460 2321 524 2344 are
552 2309 762 2354 commonly
790 2307 910 2342 either
937 2306 1104 2340 intrinsic
1135 2316 1178 2339 or
1203 2303 1401 2338 extrinsie:
1429 2314 1477 2336 an
1504 2304 1670 2338 intrinsic

211 2378 320 2401 cause
339 2368 368 2401 is
388 2367 494 2401 when
514 2366 578 2400 the
596 2365 847 2411 punishment,
869 2362 1012 2408 though
1032 2366 1098 2397 not
1118 2361 1255 2406 unjust,
1272 2361 1302 2395 is
1323 2371 1449 2395 severe
1470 2361 1669 2406 compared

209 2423 298 2456 with
319 2423 383 2457 the
399 2423 486 2457 fact.

287 2480 430 2513 XXVI.
482 2479 540 2513 An
569 2478 741 2513 extrinsic
771 2487 880 2512 causo
905 2476 948 2511 of
968 2475 1161 2510 remission
1193 2474 1236 2509 of
1261 2473 1502 2519 punishment
1532 2473 1561 2507 is
1587 2473 1669 2508 that

209 2535 329 2570 which
368 2536 480 2570 arises
520 2535 617 2569 from
657 2545 758 2569 some
794 2534 904 2569 merit
941 2544 983 2568 or
1023 2532 1130 2567 other
1167 2531 1272 2575 thing
1309 2529 1568 2574 commending
1604 2530 1668 2564 the

211 2592 377 2627 offender
393 2597 431 2627 to
452 2603 599 2637 mercy3
630 2602 672 2625 or
704 2591 801 2625 from
830 2602 852 2624 a
877 2594 982 2635 great
1008 2588 1106 2634 hope
1128 2588 1171 2622 of
1196 2587 1273 2621 him
1306 2588 1343 2620 in
1368 2587 1520 2627 future3
1549 2585 1669 2620 which

209 2649 299 2683 kind
321 2649 364 2683 of
380 2660 488 2683 cause
509 2649 581 2682 will
603 2648 692 2682 then
715 2647 762 2681 bc
787 2647 829 2681 of
845 2651 941 2681 most
962 2646 1068 2686 avail,
1086 2646 1118 2678 if
1140 2644 1204 2679 the
1227 2654 1359 2678 reason
1380 2643 1422 2677 of
1439 2643 1501 2678 the
1528 2642 1608 2684 law,
1628 2648 1668 2677 at

210 2706 303 2740 least
324 2705 360 2739 in
382 2717 404 2739 a
431 2705 633 2751 particular
660 2704 777 2749 point,
799 2714 922 2738 ceases
949 2713 989 2736 as
1021 2706 1060 2736 to
1085 2701 1148 2735 the
1178 2700 1256 2734 fact
1281 2701 1318 2734 in
1349 2700 1531 2745 question.
1593 2699 1668 2734 For

210 2762 389 2807 although
403 2767 441 2796 to
455 2761 595 2796 sustain
612 2760 675 2795 the
693 2761 840 2805 efficacy
858 2759 901 2793 of
913 2759 977 2793 the
992 2758 1071 2798 law,
1084 2757 1148 2791 the
1165 2756 1349 2791 universal
1368 2766 1498 2790 reason
1512 2756 1665 2795 suffices,

210 2819 316 2853 there
337 2819 449 2863 being
470 2829 517 2853 no
539 2821 748 2863 repugnant
768 2820 941 2860 contrary
962 2825 1117 2854 reason;
1153 2817 1216 2858 yet
1248 2812 1311 2847 the
1342 2813 1522 2847 cessation
1545 2812 1587 2846 of
1602 2812 1667 2847 the

209 2887 341 2910 reason
362 2875 495 2910 forthe
511 2874 714 2920 particular
727 2872 961 2914 case,effects
974 2871 1055 2905 that
1076 2870 1140 2905 tho
1156 2870 1223 2903 law
1245 2881 1330 2915 may
1351 2869 1396 2904 be
1419 2880 1520 2904 more
1542 2869 1668 2914 easily,

209 2932 282 2967 and
300 2932 386 2967 with
406 2932 478 2967 less
499 2932 572 2967 loss
590 2931 632 2966 of
649 2930 850 2977 authority,
867 2927 1056 2964 looscned.
1106 2926 1192 2962 And
1209 2926 1283 2962 this
1307 2926 1474 2973 happens
1503 2929 1600 2960 most
1629 2925 1668 2960 in

343 3033 497 3091 [Gsso'r.
520 3033 586 3092 11.]
1478 2998 1533 3038 19
