2018 3204
219 183 307 219 CAP.
327 178 434 227 XX]
807 181 874 216 DE
905 180 1086 216 POENIS.
1595 175 1676 216 295

217 289 424 339 familiam,
444 288 557 345 cujus
579 288 890 331 fundamentum
913 293 975 332 est
998 287 1326 331 matrimonium:
1355 291 1563 343 postrema
1586 302 1678 343 quae

218 370 285 398 res
307 354 488 413 singulas
511 354 751 411 expetibiles
782 360 952 411 spectat,
977 355 1064 397 sive
1097 354 1252 396 directe
1275 353 1569 403 subtrahendo,
1593 353 1679 396 sive

219 421 312 464 dolo
336 421 442 463 malo
465 435 628 463 causam
652 421 785 462 dando
808 420 957 463 damni.

321 489 347 529 2
394 489 571 528 Possunt
601 486 690 528 haec
720 485 810 542 ipsa
840 486 1026 528 subtilius
1061 485 1202 536 dividi,
1228 485 1301 527 sed
1334 499 1456 540 quem
1479 484 1678 527 indicavi-

219 568 309 595 mus
332 552 516 594 ordinem
545 553 660 593 Deus
686 551 729 592 in
754 551 947 608 decalogo
980 556 1142 593 secutus
1173 557 1246 593 est.
1315 551 1425 592 Nam
1460 559 1678 607 parentum

219 617 393 667 nomine,
417 617 486 673 qui
517 616 728 659 naturales
762 622 857 659 sunt
893 617 1174 673 magistratus,
1201 616 1324 658 etiam
1361 616 1461 658 alios
1495 622 1679 659 rectores

219 698 296 741 par
320 689 383 725 est
405 682 591 740 intelligi,
620 696 793 738 quorum
825 682 1048 724 auctoritas
1075 681 1310 724 societatem
1341 682 1560 724 humanam
1585 697 1680 724 con-

219 749 349 791 tinet:
384 747 568 804 sequitur
595 747 826 790 interdictio
856 747 1083 791 homicidii:
1119 747 1267 790 deinde
1296 747 1543 789 matrimonii
1565 761 1679 789 sanc-

219 815 290 864 tia,
311 813 495 856 inhibitis
518 813 756 856 adulteriis:
792 819 879 856 tum
903 814 1028 863 furta,
1054 818 1096 856 et
1119 812 1385 854 falsimoniae:
1417 813 1504 854 loco
1536 811 1678 854 ultimo

219 880 370 922 delicta
401 880 732 922 inconsummata.
802 880 918 921 Inter
953 893 1096 921 causas
1123 883 1262 920 autem
1285 877 1574 919 abstrahentes
1597 893 1678 919 non

220 946 344 988 debet
374 945 471 1002 poni
506 952 665 988 tantum
698 945 873 1001 qualitas
903 943 991 1001 ejus
1024 944 1135 1000 quod
1164 943 1319 985 directe
1342 943 1401 993 fit,
1430 943 1504 985 sed
1527 947 1569 985 et
1592 943 1679 999 ejus

219 1012 331 1068 quod
366 1017 599 1054 secuturum
635 1011 848 1068 probabile
883 1017 958 1060 est,
998 1016 1045 1053 ut
1086 1009 1129 1051 in
1173 1008 1360 1050 incendio
1407 1014 1449 1051 et
1494 1008 1678 1065 perfosso

218 1091 374 1135 aggere
412 1078 634 1120 multorum
668 1091 837 1119 summae
873 1075 1125 1118 calamitates
1157 1080 1200 1117 et
1230 1079 1384 1117 mortes
1413 1074 1537 1118 etiam
1565 1089 1679 1132 spec-

218 1143 356 1186 tandae
379 1149 485 1186 sunt.

312 1210 340 1250 3
386 1209 454 1250 Ad
473 1207 725 1264 injustitiam,
751 1222 872 1264 quam
904 1205 1138 1265 generalem
1163 1221 1326 1249 causam
1351 1205 1572 1263 posuimus,
1598 1206 1679 1248 rin-

217 1274 380 1316 terdum
409 1279 451 1317 et
479 1274 589 1317 aliud
617 1273 774 1316 accedit
803 1273 959 1323 vitium,
989 1278 1090 1329 puta
1112 1273 1300 1329 impietas
1323 1272 1364 1313 in
1388 1278 1594 1328 parentes,
1618 1272 1679 1313 in-

216 1339 449 1382 humanitas
482 1340 525 1381 in
559 1339 820 1397 propinquOS,
854 1339 1042 1396 ingratus
1073 1339 1232 1380 animus
1266 1338 1309 1379 in
1340 1337 1554 1387 beneficos,
1586 1352 1679 1393 quae

216 1410 371 1463 augent
410 1404 614 1448 delictum.
677 1404 867 1462 Apparet
906 1419 1069 1460 quoque
1106 1404 1237 1460 major
1276 1403 1459 1460 pravitas
1496 1403 1553 1445 Ssi
1589 1403 1679 1459 quis

215 1520 262 1549 vis
276 1520 371 1557 videt,
385 1521 513 1550 omnino
527 1522 568 1550 ad
582 1530 658 1557 rem,
674 1522 713 1550 de
724 1530 787 1559 qua
797 1521 914 1559 agitur,

216 1569 302 1599 facit.
344 1571 468 1599 Auctor
480 1570 625 1600 voluerat
639 1570 740 1599 dicere
758 1571 790 1598 in
804 1570 915 1599 Illarci

216 1619 340 1647 verbis:
371 1619 426 1648 sed
447 1619 654 1656 incogitantia
676 1619 821 1656 quadam,
846 1621 916 1647 orta

217 1677 256 1697 ex
270 1668 433 1697 adfinitate
447 1669 608 1697 nominum
623 1668 832 1703 familiarium,
844 1667 915 1705 qui-

217 1718 276 1747 bus
290 1718 352 1747 duo
367 1718 579 1757 Evangelistae
594 1718 744 1756 gaudent,
762 1718 811 1747 vel
826 1718 914 1747 Auc-

218 1770 269 1796 tor
295 1768 372 1806 ipse,
399 1768 449 1796 vel
477 1768 674 1805 Exscriptor,
702 1767 822 1796 Lucam
856 1776 914 1805 pro

218 1817 329 1847 Marco
344 1818 434 1847 nobis
448 1818 642 1854 obtulerunt,
656 1821 691 1847 ut
706 1818 824 1847 habent
840 1818 915 1846 Edi-

217 1866 320 1896 tiones
334 1867 402 1895 vivo
419 1867 561 1896 Auctore
576 1867 607 1895 in
621 1867 722 1896 lucem
738 1866 867 1902 emissae,
883 1869 914 1895 et

1041 1526 1052 1541 Β
1075 1521 1112 1550 Si
1120 1521 1190 1558 quis
1199 1520 1314 1557 soepz'us
1324 1518 1471 1558 deliquit]
1491 1519 1535 1548 Τὸ
1545 1519 1603 1556 μὲν
1613 1519 1680 1558 γάρ

983 1570 1149 1608 α’γνοῆσαί
1162 1581 1248 1598 ποτε
1263 1569 1308 1598 τά
1323 1568 1410 1598 κατά
1423 1570 1485 1598 τὸν
1499 1569 1573 1606 βίον
1587 1569 1681 1599 ἐστὶν

982 1619 1167 1657 ἀνθρώπου·
1182 1619 1224 1647 τὸ
1238 1619 1271 1647 δὲ
1286 1618 1341 1648 ἐπὶ
1356 1621 1429 1647 τοῖς
1443 1619 1556 1647 αὐτοῖς
1568 1618 1679 1656 πράγ-

983 1680 1066 1706 μασι
1099 1667 1278 1697 πλεονάκις
1312 1667 1526 1705 ἁμαρτάνειν,
1559 1667 1678 1697 τέλεον

984 1717 1205 1755 ἐξεστηκότος
1219 1720 1291 1745 τοῖς
1305 1716 1492 1755 λογισμοῖς·
1519 1716 1586 1754 ὅσῳ
1612 1715 1678 1754 ’γάρ

984 1766 1141 1795 πλείοσιν
1165 1764 1385 1802 ἐλαττώμασι
1415 1765 1679 1801 περιπεπτώκα-

982 1827 1052 1851 μεν,
1072 1815 1224 1852 τοσούτῳ
1245 1813 1390 1852 μείζονος
1408 1814 1569 1851 τιμωρίας·
1591 1813 1680 1852 ἄξιοι

982 1867 1100 1902 τυχεῖν
1115 1863 1315 1901 ὑπάρχομεν·
1333 1862 1506 1900 aliquando
1521 1863 1680 1900 iquorasse

983 1913 1067 1952 quod
1081 1913 1146 1942 υἱέα
1159 1913 1275 1951 exiqat,
1295 1912 1428 1941 hominis
1442 1915 1504 1941 est:
1527 1915 1561 1941 at
1575 1912 1608 1940 in
1622 1912 1678 1942 iis-

983 1962 1051 1992 dem
1074 1962 1163 1991 rebus
1186 1962 1301 1999 soepz'us
1323 1961 1482 1998 aberrare,
1506 1965 1611 1992 emotoe
1637 1965 1680 1992 est

216 1915 272 1945 ina
289 1916 383 1945 etiam
403 1916 479 1945 anni
498 1916 587 1948 1646.
610 1919 683 1954 post
705 1916 825 1945 obitum
847 1915 914 1953 ejus

216 1965 329 2004 prima.
369 1966 478 2005 J.B.]

219 2140 262 2166 or
277 2128 327 2175 by
342 2128 548 2175 producing
569 2127 724 2173 damage
744 2126 906 2172 through
927 2136 1053 2171 wrong
1074 2125 1198 2171 doing.

290 2190 313 2220 2
353 2185 472 2220 These
493 2188 646 2219 matters
667 2183 785 2229 might
814 2183 862 2217 be
892 2182 1040 2216 dividcd
1065 2193 1168 2216 more
1197 2181 1367 2227 subtilly3
1390 2181 1459 2215 but
1481 2181 1544 2216 the
1569 2181 1680 2217 order

219 2242 339 2277 which
356 2252 410 2276 we
430 2241 523 2275 have
544 2240 730 2275 indicated
748 2240 777 2274 is
794 2239 877 2274 that
896 2238 1015 2272 which
1038 2238 1121 2272 God
1142 2237 1208 2272 has
1228 2237 1399 2272 followed
1420 2238 1459 2271 in
1479 2237 1542 2272 the
1560 2238 1679 2273 Deca-

220 2299 341 2344 loguc.
383 2297 480 2340 [The
497 2297 582 2331 fifth
600 2296 900 2331 commandment
917 2294 1082 2329 includes
1102 2294 1222 2328 dutios
1241 2298 1278 2327 to
1296 2293 1533 2339 governors];
1550 2294 1610 2329 for
1629 2295 1679 2341 by

221 2355 286 2390 the
316 2364 425 2388 name
447 2353 489 2387 of
514 2357 676 2398 parents,
696 2352 778 2386 who
799 2362 862 2386 aro
887 2351 1036 2385 natural
1064 2351 1308 2395 magistrates,
1329 2349 1436 2385 othcr
1456 2351 1573 2386 rulers
1601 2351 1677 2386 also

221 2414 321 2445 must
336 2410 384 2444 bc
404 2408 649 2444 understood:
682 2408 773 2443 then
793 2408 934 2442 follows
952 2407 1016 2442 the
1033 2407 1271 2441 inter-diction
1290 2406 1332 2440 of
1348 2406 1557 2448 homicido3
1587 2407 1679 2442 then

221 2467 286 2502 the
303 2466 469 2501 sanction
487 2466 529 2500 of
542 2465 764 2511 matrimony
779 2465 828 2510 by
845 2464 909 2498 thc
926 2463 1153 2509 prohibition
1172 2463 1214 2498 of
1230 2463 1401 2509 adultcry
1414 2475 1423 2504 ;
1449 2463 1540 2498 thcn
1557 2463 1677 2506 thcft3

221 2523 312 2559 then
333 2522 424 2557 false
445 2523 608 2563 witness3
634 2522 671 2555 in
689 2521 752 2557 the
769 2522 840 2556 last
856 2521 973 2566 place,
990 2521 1064 2554 sins
1085 2519 1428 2554 unconsummated.

298 2579 444 2623 Among
461 2578 523 2613 the
541 2578 782 2623 withholding
799 2588 937 2618 causes,
955 2577 1071 2622 ought
1092 2581 1131 2611 to
1148 2577 1195 2611 be
1215 2580 1295 2622 put,
1315 2580 1381 2611 not
1399 2575 1485 2621 only
1506 2575 1570 2611 tho
1591 2575 1678 2611 cha-

221 2639 344 2670 racter
360 2635 402 2670 of
427 2634 509 2669 that
528 2634 647 2669 which
668 2635 697 2669 is
718 2635 874 2680 directly
891 2634 998 2674 donc,
1020 2633 1088 2667 but
1108 2633 1151 2667 of
1167 2633 1249 2667 that
1269 2632 1388 2667 which
1406 2633 1479 2666 will
1496 2632 1679 2679 probably

220 2692 366 2727 follow:
393 2702 432 2726 as
453 2692 491 2725 in
511 2692 648 2737 setting
668 2691 734 2725 fire
755 2695 793 2725 to
815 2702 837 2724 a
856 2690 982 2731 house,
1003 2701 1045 2724 or
1072 2689 1252 2734 breaking
1272 2689 1379 2723 down
1406 2699 1428 2723 a
1456 2689 1553 2731 dam,
1573 2693 1679 2735 great

221 2749 408 2793 calamity,
429 2747 502 2781 and
523 2758 614 2782 even
637 2747 778 2787 deaths‚
800 2757 862 2781 are
884 2750 922 2780 to
944 2746 990 2780 bc
1011 2745 1145 2780 lookcd
1166 2745 1235 2779 for.

292 2809 313 2840 3
354 2805 408 2839 To
426 2804 490 2838 the
509 2804 679 2848 injusticc
696 2803 814 2837 which
827 2813 880 2837 we
893 2806 961 2848 put
974 2813 1013 2836 as
1030 2802 1094 2836 thc
1110 2801 1262 2847 general
1278 2811 1398 2843 cause,
1412 2800 1517 2836 there
1530 2801 1560 2836 is
1573 2802 1679 2837 often

218 2861 341 2896 added
361 2871 462 2896 some
483 2860 590 2895 other
617 2860 707 2902 vice,
734 2871 773 2894 as
798 2860 951 2905 impiety
976 2858 1134 2893 towards
1164 2862 1326 2904 parents,
1361 2857 1595 2905 inhumanity
1619 2864 1678 2894 to-

217 2918 335 2953 wards
349 2917 583 2963 neighbours,
600 2916 826 2963 ingratitudo
843 2915 1001 2951 towards
1013 2914 1269 2958 benefactors3
1284 2914 1403 2950 which
1417 2915 1599 2952 increascs
1612 2915 1677 2952 the
