2018 3204
119 431 216 456 Thom.
229 431 253 460 2,
264 431 288 454 2.

120 470 145 492 q.
161 463 196 485 lo.
210 464 260 485 art.
273 462 296 484 9.

120 493 193 516 Oldr.
205 491 318 518 σαφὴς-71.

121 523 234 546 Decian.
247 521 285 546 iii.

119 559 191 578 cons.
205 553 244 576 20.

123 758 188 782 Gen.
197 757 274 781 xxxi.
281 756 322 780 44.

123 821 188 844 Gen.
197 819 271 844 xxvi.
283 820 322 847 28,

120 852 159 875 29.

122 945 202 969 Deut.
213 943 290 968 xxiii.
299 943 323 971 7.

121 1145 201 1169 Dent.
215 1144 261 1168 vii.
275 1145 298 1174 1,

120 1177 145 1200 et
154 1182 222 1205 seqq.

121 1282 201 1305 Dent.
209 1287 274 1305 xxv.
285 1281 322 1310 17,

118 1313 143 1337 et
154 1318 223 1342 seqq.

120 1544 217 1569 2Sam.
231 1550 256 1567 v.
271 1543 308 1568 11.

121 1666 133 1690 1
148 1666 211 1696 Rey.
224 1672 249 1690 v.
263 1666 300 1690 12.

121 1809 184 1832 Lev.
197 1807 254 1832 xix.
266 1808 304 1836 18,

122 1842 149 1892 (ft
161 1839 240 1862 Dent.
254 1838 321 1862 xxii.

338 168 421 209 138
617 173 684 207 DE
715 170 1005 206 FEDERIBUS
1036 169 1100 204 AO
1133 169 1518 205 SPONSIONIBUS.
1635 167 1800 212 [LIB.II.

336 279 570 323 hominibus
589 294 800 322 commune
822 284 896 328 est,
922 284 968 320 ut
997 277 1227 335 Religionis
1248 278 1466 320 discrimen
1485 291 1568 319 non
1596 276 1801 319 admittat.

339 346 422 388 Sed
447 346 497 387 dc
526 345 623 401 jure
650 345 789 386 divino
825 344 1038 399 quaeritur,
1067 358 1119 385 ex
1151 358 1231 399 quo
1265 344 1372 385 hanc
1408 343 1675 398 quaestionem
1695 347 1805 384 trac-

337 416 430 454 tant
454 408 552 452 ¹non
580 409 780 466 Theologi
809 415 983 458 tantum,
1014 409 1087 450 sed
1120 414 1163 451 et
1184 409 1579 451 Jurisconsultorum
1603 407 1802 458 nonnulli,

338 477 448 519 inter
471 490 573 531 quos
599 475 808 517 Oldradus
831 481 873 517 et
896 474 1115 516 Decianus.

437 543 513 583 IX.
580 543 604 582 1
650 540 874 583 Videamus
906 539 1083 596 primum
1117 540 1169 582 de
1194 539 1289 595 jure
1320 540 1458 583 divino
1493 539 1639 589 veteri,
1671 537 1806 581 acturi

339 607 487 649 deinde
523 607 575 649 de
610 620 728 648 novo.
798 605 949 656 Fedus,
981 620 1064 647 non
1098 606 1271 647 nocendi
1305 620 1438 656 causa,
1476 621 1566 647 cum
1605 604 1748 647 alienis
1778 618 1805 646 a

338 673 557 730 Religione
580 672 826 714 contrahere
849 677 945 713 ante
969 671 1098 713 Mosis
1120 671 1255 728 legem
1278 671 1406 714 licuit.
1470 671 1721 727 Exemplum
1740 675 1804 712 est

339 738 381 779 in
419 739 561 781 federe
594 737 742 780 Jacobi
779 752 870 779 cum
907 737 1102 779 Labane:
1137 743 1185 778 ut
1211 737 1300 793 jam
1335 738 1387 779 de
1428 736 1664 779 Abimeleco
1701 735 1805 777 nihil

342 804 484 854 dicam,
531 804 696 860 quando
741 818 823 844 non
875 803 976 845 satis
1021 808 1184 845 constat
1223 818 1317 844 eum
1361 802 1486 844 fuisse
1530 802 1802 844 idololatram.

341 870 488 926 Neque
532 870 574 912 id
623 869 689 911 lex
739 884 815 925 per
857 870 1016 910 Mosem
1067 869 1165 910 data
1218 868 1406 910 mutavit.
1476 868 1680 924 Exemplo
1722 866 1806 908 sint

341 935 550 993 AEgyptii,
575 935 687 977 haud
722 934 845 976 dubie
880 940 977 977 tunc
1011 934 1254 976 idololatrae.
1324 935 1414 975 Hos
1445 939 1585 976 tamen
1619 932 1807 975 aversari

342 1007 538 1044 vetantur
563 1000 750 1042 Hebraei.
814 1000 1056 1056 Excipiendi
1089 1006 1184 1041 sunt
1204 999 1345 1056 populi
1368 1004 1525 1055 septem
1554 999 1693 1041 divina
1715 1012 1806 1040 sen-

340 1067 471 1108 tentia
511 1066 706 1116 damnati,
754 1066 869 1121 cujus
913 1065 1128 1108 sententiae
1176 1073 1417 1108 executores
1460 1070 1581 1107 erant
1625 1063 1807 1120 delegati

341 1132 568 1182 Israelitae3
605 1147 699 1174 nam
736 1132 800 1173 his
837 1132 879 1173 in
915 1131 1148 1173 idololatria
1180 1131 1472 1186 perstantibus,
1509 1136 1551 1172 et
1589 1129 1807 1186 imperium

341 1198 678 1247 detrectantibus,
703 1212 875 1253 parcere
898 1202 1104 1247 vetantur,
1131 1196 1278 1252 quibus
1312 1196 1456 1238 itidem
1478 1196 1644 1238 decreto
1669 1194 1807 1237 divino

341 1263 471 1305 additi
492 1269 586 1305 sunt
610 1262 861 1304 Amalecitae.

443 1331 469 1369 2
517 1329 680 1370 Federa
715 1342 877 1384 quoque
914 1327 1262 1377 commerciorum,
1288 1333 1331 1369 et
1361 1341 1453 1382 quae
1483 1326 1548 1368 his
1575 1325 1721 1368 similia
1752 1325 1807 1367 ad

340 1394 560 1436 utilitatem
584 1408 850 1442 communem,
879 1398 952 1435 aut
986 1393 1155 1434 alterius
1184 1393 1315 1449 partis
1338 1392 1563 1448 pertinent,
1588 1391 1692 1433 inire
1715 1405 1807 1432 cum

339 1460 523 1516 profanis
554 1459 649 1501 licet
678 1473 754 1514 per
788 1458 949 1515 legem:
982 1458 1084 1499 nihil
1120 1458 1227 1499 enim
1261 1457 1470 1513 reperitur
1509 1457 1620 1513 quod
1656 1457 1805 1499 obstet.

340 1527 395 1567 Et
434 1525 624 1581 exempla
664 1525 862 1566 habemus
898 1523 1097 1573 feder-um,
1138 1538 1230 1579 quae
1270 1523 1407 1565 David
1443 1528 1485 1564 et
1521 1522 1684 1565 Solomo
1715 1536 1807 1564 cum

340 1591 515 1633 Hiromo
545 1590 768 1647 Tyriorum
802 1604 903 1647 rege
933 1589 1146 1631 fecerunt:
1182 1604 1229 1630 ac
1259 1588 1485 1630 notandum
1513 1587 1556 1629 in
1587 1602 1704 1630 sacra
1723 1587 1806 1629 his-

340 1657 448 1699 toria
472 1656 551 1699 dici
574 1657 692 1698 fedus
713 1656 790 1697 hoc
813 1670 839 1697 a
863 1655 1079 1698 Solomone
1102 1655 1255 1697 factum
1272 1654 1397 1711 juxta
1420 1653 1664 1710 sapientiam
1683 1667 1808 1709 quam

342 1722 458 1763 Deus
482 1722 519 1764 ei
543 1722 726 1764 dederat.

442 1789 469 1829 3
516 1789 605 1828 Lex
629 1787 794 1842 quidem
818 1785 945 1827 Mosis
966 1785 1198 1841 specialiter
1214 1785 1392 1842 imperat
1412 1784 1656 1827 benefacere
1678 1798 1808 1840 popu-

340 1852 508 1902 laribus,
535 1851 722 1910 ἀγαπᾷν
757 1849 839 1895 τόν
865 1848 1072 1903 πλήσιον·
1106 1856 1314 1907 praeterea
1349 1849 1565 1906 peculiaris
1602 1850 1734 1892 victus
1766 1855 1809 1891 et

341 1916 501 1959 morum
537 1917 644 1959 ratio
686 1918 716 1957 J
722 1917 847 1958 udaeis
883 1916 1128 1972 praescripta
1163 1916 1408 1957 familiarem
1445 1930 1537 1956 cum
1576 1914 1809 1956 hominibus

341 1983 487 2025 ceteris
520 1982 853 2024 consuetudinem
888 1981 958 2023 vix
993 1982 1242 2037 patiebatur.
1303 1981 1361 2022 At
1391 1980 1484 2022 hinc
1517 1995 1599 2021 non
1622 1979 1809 2035 sequitur

339 2055 412 2090 aut
437 2049 678 2090 benefacere
713 2046 921 2089 extraneis
952 2061 1034 2088 non
1069 2046 1242 2096 licuisse,
1267 2051 1339 2088 aut
1374 2046 1498 2087 etiam
1525 2045 1732 2087 laudabile
1765 2045 1810 2087 id

339 2128 422 2155 non
457 2128 557 2163 esse,
595 2113 704 2169 quod
738 2112 845 2154 male
879 2112 974 2153 inde
1006 2112 1171 2169 collegit
1205 2111 1479 2168 posteriorum
1514 2111 1808 2169 magistrorum

338 2229 345 2250 ¹
374 2231 449 2260 Non
474 2231 623 2268 Theoloqi
646 2228 780 2268 tantum]
811 2229 896 2258 Puta
909 2228 1104 2264 Antoninus,
1120 2228 1301 2266 Cajetanus,
1318 2227 1462 2261 Toletus,
1484 2226 1616 2263 Molina,
1631 2225 1809 2264 Valdesius,

967 2279 1142 2308 Malderus.

338 2435 511 2458 common
530 2429 568 2458 to
586 2423 635 2457 all
652 2434 739 2458 men
759 2422 842 2457 that
862 2423 892 2457 it
912 2422 1123 2467 recognizes
1143 2431 1193 2455 no
1215 2421 1433 2456 distinction
1447 2419 1490 2454 of
1502 2418 1687 2463 Religion.
1732 2417 1809 2452 But

338 2480 402 2515 the
425 2481 597 2525 question
617 2481 647 2513 is
664 2484 732 2525 put
750 2490 798 2513 on
817 2479 881 2513 the
902 2478 1049 2524 ground
1070 2478 1113 2512 of
1129 2478 1194 2512 the
1215 2478 1351 2512 Divine
1371 2477 1472 2517 LaW,
1493 2475 1567 2510 and
1588 2485 1629 2509 so
1649 2473 1808 2515 treated,

338 2541 404 2570 not
429 2537 516 2582 only
533 2537 582 2582 by
600 2536 847 2582 Theologians
868 2535 936 2569 but
951 2535 1001 2581 by
1011 2535 1160 2575 Jurists,
1178 2535 1252 2568 and
1269 2544 1405 2579 among
1422 2532 1537 2573 them,
1553 2532 1603 2578 by
1621 2530 1808 2566 oldradus

337 2593 410 2626 and
428 2593 626 2628 Decianus.

414 2649 484 2683 IX.
548 2654 566 2683 1
608 2650 707 2683 First
727 2648 771 2683 of
791 2649 927 2682 Divine
955 2648 1054 2683 LaW.
1116 2648 1186 2682 We
1207 2646 1303 2681 have
1327 2645 1514 2691 examples
1540 2644 1583 2679 of
1606 2645 1807 2679 eovenants

337 2705 396 2739 for
420 2706 565 2740 mutual
586 2705 841 2747 forbearance,
871 2704 961 2739 with
985 2708 1171 2749 strangers
1196 2707 1235 2738 to
1262 2707 1345 2738 true
1371 2703 1555 2747 Religion,
1584 2700 1715 2735 before
1741 2698 1807 2733 the

336 2761 406 2793 law
445 2762 488 2794 of
508 2763 642 2803 Moses,
677 2773 717 2796 as
748 2762 868 2796 Jacob
896 2761 985 2795 with
1014 2761 1156 2801 Laban,
1183 2764 1250 2794 not
1279 2764 1318 2794 to
1354 2759 1469 2805 speak
1501 2758 1544 2793 of
1574 2754 1802 2791 Abimelech.

338 2816 418 2850 The
438 2817 508 2850 law
529 2819 571 2851 of
588 2819 710 2853 Moses
732 2819 795 2852 did
816 2822 882 2853 not
900 2818 1042 2863 change
1059 2817 1155 2852 this:
1187 2817 1247 2851 for
1265 2816 1445 2861 example,
1464 2815 1530 2850 the
1547 2813 1724 2848 Hebrews
1741 2821 1805 2846 are

337 2871 536 2906 forbidden
555 2877 594 2908 to
614 2878 711 2908 treat
740 2875 804 2910 the
829 2875 1033 2921 Egyptians
1054 2885 1093 2910 as
1115 2874 1289 2909 enemies.
1353 2872 1432 2906 The
1453 2881 1565 2906 seven
1584 2868 1744 2914 Peoples
1765 2867 1809 2902 of

2006 2905 2012 2936 ...
2003 2826 2018 2886 ,φη
