2018 3204
197 154 289 191 CAP.
307 153 409 197 XV.]
525 155 592 190 DE
624 156 910 192 FEDERIBUS
940 156 1004 191 Ao
1036 156 1421 193 SPONSIONIBUS.
1571 153 1652 194 129

196 263 426 318 exemplum
462 269 546 305 est:
582 266 742 319 quoties
773 266 885 306 inter
918 279 960 306 se
991 266 1116 306 duces
1149 265 1248 306 belli
1279 267 1475 320 quaedctm
1505 267 1652 319 pacis-

193 336 376 376 czmtur;
409 330 518 384 quod
542 330 772 371 secundum.
842 329 1029 371 Publicas
1059 344 1159 386 ergo
1183 330 1469 371 conventiones
1491 345 1560 371 eas
1591 330 1652 371 in-

194 393 354 450 telligit,
389 408 480 449 quae
504 395 579 435 nisi
597 394 692 449 jure
717 394 878 450 imperii
902 395 1065 451 majoris
1096 401 1168 436 aut
1191 395 1359 436 minoris
1382 395 1471 436 fieri
1500 410 1651 450 neque-

191 465 279 508 unt,
303 473 384 514 qua
407 465 504 501 nota
527 460 722 501 differunt
746 475 826 501 non
848 466 1006 502 tantum
1030 476 1055 502 a
1082 461 1357 502 contractibus
1380 460 1648 517 privatorum,

190 524 262 565 sed
286 530 329 565 et
350 539 376 565 a
398 524 670 567 contractibus
699 540 843 581 regum
868 526 974 567 circa
997 525 1163 583 negotia
1183 526 1358 581 privata.
1405 527 1648 582 Quanquam

190 603 242 630 ex
266 589 437 644 privatis
462 604 623 645 quoque
645 591 730 633 istis
762 591 855 632 belli
879 606 999 633 causa
1022 591 1131 633 nasci
1155 592 1270 640 solet,
1306 591 1562 647 frequentius
1585 598 1647 634 ta-

189 668 284 695 men
307 669 358 695 ex
382 656 565 710 publicis,
615 656 714 698 Ideo
739 663 954 712 postquam
974 657 1025 698 de
1049 657 1381 698 conventionibus
1398 657 1647 714 generaliter

188 734 214 760 a
237 720 352 762 nobis
376 727 554 763 tractata
585 729 680 763 sunt
704 722 801 764 satis
825 722 964 771 multa,
1002 723 1190 776 quaedam
1213 722 1405 764 addenda
1427 728 1522 764 sunt
1554 737 1646 777 quae

187 785 242 826 ad
265 786 593 828 excellentiorem
618 788 721 829 hanc
745 787 918 842 speciem
943 787 1187 842 pertineant.

288 852 344 893 Π.
408 852 596 894 Publicas
617 853 691 895 has
722 852 1021 901 conventiones,
1055 866 1155 906 quas
1178 851 1313 893 Graeci
1337 848 1547 904 συνθήκας
1576 867 1645 894 vo-

186 923 293 965 cant,
319 917 502 959 dividere
525 932 736 973 possumus
759 917 800 958 in
824 917 976 965 federa,
1002 916 1250 972 sponsiones,
1276 917 1485 971 pactiones
1507 917 1619 959 alias.

279 982 364 1023 ΙΙΙ.
417 984 439 1023 1
482 984 547 1024 De
569 983 754 1024 federum
779 988 821 1024 et
844 981 1103 1037 sponsionum
1123 981 1355 1023 discrimine
1380 982 1485 1024 adiri
1509 988 1644 1038 potest

185 1047 326 1089 Livius
349 1048 452 1090 libro
477 1063 538 1090 lx.
557 1048 626 1090 ubi
649 1054 760 1090 reete
783 1062 856 1088 nos
880 1047 998 1089 docet
1019 1047 1161 1088 federa
1181 1061 1269 1088 esse
1292 1061 1384 1102 quae
1407 1048 1510 1089 fiunt
1525 1047 1642 1103 jussu
1661 1059 1725 1091 Cap·
1737 1061 1760 1084 ⁵·

183 1127 351 1155 summae
386 1114 612 1169 potestatiS,
645 1120 688 1155 et
717 1113 760 1154 in
788 1112 934 1168 quibus
964 1112 1051 1168 ipse
1086 1112 1259 1168 populus
1291 1112 1364 1154 irae
1392 1113 1542 1154 divinae
1572 1114 1642 1155 ob-

182 1179 400 1234 stringitur
435 1179 468 1220 si
503 1179 634 1220 minus
661 1184 794 1221 stetur
828 1178 957 1220 dictis.
1017 1179 1081 1219 Ea
1114 1179 1226 1233 apud
1255 1179 1464 1220 Romanos
1495 1180 1641 1236 peragi

181 1257 257 1299 per
280 1243 443 1285 feciales
466 1244 651 1286 solebant
672 1244 812 1286 addito
837 1250 956 1299 patre
979 1249 1157 1300 patrato.
1207 1244 1378 1299 Sponsio
1402 1250 1539 1286 autem
1564 1253 1638 1294 est,

180 1308 249 1351 ubi
280 1310 322 1351 hi
346 1309 415 1365 qui
444 1324 469 1351 a
492 1315 696 1365 potestate
723 1324 880 1351 summa
907 1309 1144 1351 mandatum
1175 1309 1262 1365 ejus
1291 1309 1351 1351 rei
1375 1325 1456 1351 non
1485 1311 1640 1352 habent

179 1375 330 1430 aliquid
355 1376 611 1431 promittunt,
645 1376 755 1431 quod
785 1376 895 1416 illam
922 1374 1087 1431 proprie
1117 1375 1263 1431 tangit.
1327 1376 1451 1431 Apud
1484 1376 1638 1417 Sallus-

179 1440 281 1482 tium
319 1441 516 1498 legimus:
563 1443 752 1484 Senatus
790 1443 857 1483 uti
898 1456 986 1495 par
1020 1449 1115 1482 erat
1161 1442 1356 1489 decrevit,
1396 1457 1471 1483 suo
1509 1450 1637 1497 atque
1658 1451 1787 1475 &ll-Ju-

171 1508 328 1562 populi
373 1508 538 1561 injussu
578 1509 744 1548 nullum
781 1509 973 1562 potuisse
1006 1508 1141 1560 fedus
1170 1507 1282 1560 fieri.
1354 1507 1636 1564 Hieronymus
1652 1482 1833 1511 wamma·

179 1572 478 1627 Syracusarum
509 1588 588 1614 rex
612 1588 703 1613 cum
734 1572 948 1620 Annibale,
984 1579 1027 1612 ut
1050 1578 1193 1613 narrat
1217 1571 1367 1621 Livius,
1401 1572 1635 1615 societatem
1655 1581 1839 1607 mammo.

177 1637 357 1679 fecerat:
382 1644 424 1679 at
445 1644 588 1693 postea
612 1637 907 1694 Carthaginem
929 1637 1038 1678 misit
1060 1637 1114 1678 ad
1143 1637 1261 1678 fedus
1285 1652 1335 1678 ex
1359 1638 1553 1680 societate
1576 1639 1638 1680 fa-

177 1702 375 1743 ciendum.
417 1705 555 1753 Quare
577 1703 712 1758 aquod
735 1703 844 1758 apud
870 1703 1066 1744 Senecam
1091 1709 1251 1758 patrem
1276 1709 1364 1744 est:
1392 1706 1637 1758 Imperator

162 1770 299 1822 sedus
311 1771 540 1823 percussit,
566 1771 736 1811 videtur
760 1769 948 1823 populus
964 1770 1228 1823 percussisse
1249 1771 1484 1817 Romanus,
1515 1779 1554 1811 et
1564 1772 1636 1824 fe-

175 1835 273 1875 dere
297 1836 534 1876 continetur
549 1851 563 1874 .·
585 1834 640 1876 ad
662 1833 850 1888 antiquos
872 1848 940 1875 eos
964 1833 1155 1888 pertinet,
1179 1833 1249 1889 qui
1272 1834 1446 1890 speciale
1465 1834 1552 1890 ejus
1575 1835 1636 1877 rei

173 1899 412 1940 mandatum
435 1906 691 1955 acceperant.
741 1900 798 1940 At
820 1894 887 1940 bin
910 1898 1061 1955 regnis,
1086 1914 1232 1956 regum
1254 1906 1317 1942 est
1344 1899 1463 1942 fedus
1485 1900 1632 1943 facere.

173 1964 394 2020 Euripides
418 1966 701 2021 Supplicibas
725 1966 850 2018 (vers.
877 1966 1006 2014 1188,
1032 1971 1074 2006 et
1097 1966 1256 2020 seqq.):

171 2082 386 2119 sequentibus.
429 2082 554 2111 Servius
568 2083 608 2111 ad
622 2082 699 2112 illud
717 2091 753 2112 11.
769 2083 868 2112 AEne-
937 2080 1021 2118 Quia
1036 2081 1120 2119 quod
1134 2091 1189 2110 rex
1198 2083 1357 2119 promittit
1370 2083 1492 2111 videtur
1505 2083 1633 2121 respub-

169 2131 243 2160 idos
259 2131 466 2170 (vers.161):
934 2131 997 2159 lica
1010 2132 1201 2168 promittere.
1244 2132 1287 2160 Et
1307 2132 1361 2160 ubi
1382 2132 1503 2161 AEneas
1523 2133 1633 2170 singu-

383 2192 546 2222 Servataque
562 2199 647 2217 serves
934 2180 991 2208 lari
1022 2181 1192 2209 certamine
1216 2184 1417 2218 pugnaturus
1444 2182 1531 2219 prius
1559 2191 1631 2210 cum

291 2233 371 2264 Troja
388 2234 483 2261 fidem:
934 2229 1048 2258 Latino
1059 2230 1149 2258 fedus
1160 2231 1253 2267 facit3
1268 2231 1424 2268 Turnum,
1440 2232 1495 2268 ait,
1510 2242 1570 2260 non
1580 2232 1628 2261 in-

168 2369 328 2413 proeecd
347 2380 448 2404 more
466 2372 675 2417 commonly
695 2372 792 2406 from
812 2372 938 2418 public
956 2375 1156 2418 questions.
1220 2373 1433 2415 Therefore,
1454 2374 1554 2408 since
1574 2385 1628 2409 we

168 2424 262 2459 have
283 2426 469 2460 discussed
493 2438 603 2473 many
624 2429 746 2474 points
773 2429 860 2463 with
887 2430 1019 2475 regard
1044 2434 1083 2464 to
1109 2437 1295 2476 compacts
1319 2431 1358 2464 in
1387 2431 1549 2476 general,
1573 2442 1626 2465 we

168 2487 268 2516 must
287 2482 360 2516 add
376 2493 477 2517 some
498 2485 663 2520 remarks
679 2485 879 2532 belonging
896 2490 935 2521 to
956 2486 1029 2521 this
1046 2499 1150 2522 more
1168 2488 1334 2522 eminent
1354 2488 1444 2521 kind
1465 2487 1508 2521 of
1525 2498 1625 2522 eom-

167 2543 265 2584 pact.

240 2595 290 2629 11.
339 2594 459 2629 These
475 2595 599 2640 public
623 2603 855 2642 agreements
872 2610 925 2634 wc
947 2610 1031 2645 may
1051 2599 1174 2635 divide
1194 2601 1273 2635 into
1293 2600 1427 2635 Public
1448 2599 1626 2641 Treaties,

169 2651 381 2697 Sponsions,
402 2652 475 2685 and
493 2652 600 2686 other
622 2653 856 2699 Compacts*.

238 2708 307 2742 III.
356 2712 372 2741 1
400 2708 503 2742 With
528 2710 661 2753 rcgard
678 2714 717 2744 to
734 2710 797 2745 the
815 2711 1014 2746 difference
1039 2712 1081 2746 of
1101 2712 1233 2746 Public
1251 2713 1416 2747 Treaties
1439 2712 1624 2756 (Foedera)

166 2764 240 2798 and
254 2764 502 2799 Conventions
520 2766 628 2800 made
649 2777 697 2800 on
714 2768 885 2811 personal
905 2769 1179 2814 responsibility
1197 2767 1453 2814 (Sponsiones),
1469 2781 1522 2804 we
1540 2781 1625 2815 may

165 2821 252 2856 take
272 2821 395 2868 Livy’s
418 2822 518 2864 view,
548 2822 587 2856 in
612 2822 729 2857 which
754 2823 801 2858 he
822 2835 902 2869 says
924 2823 1006 2858 that
1015 2826 1161 2871 foedera
1181 2836 1244 2861 are
1270 2827 1421 2862 treaties
1442 2826 1550 2862 made
1571 2827 1622 2872 by

714 2894 733 2915 *
757 2895 815 2924 See
836 2894 880 2925 Ε.
901 2895 951 2926 Μ.
975 2897 1063 2926 1124.

298 2978 452 3035 [GROT.
476 2980 541 3037 11.]
1462 2953 1488 2994 9
