2018 3204
189 166 279 201 CAP.
300 165 409 210 XX]
775 167 842 202 DE
873 167 1053 203 POENIS.
1564 160 1647 202 269

186 275 368 330 pedisse,
403 281 513 316 certe
547 288 679 330 quam
708 276 941 330 prophetia
973 276 1197 331 manifeste
1221 282 1477 324 coercuerat,
1506 282 1544 316 et
1567 289 1650 317 me-

195 341 380 383 moriam
402 340 576 394 injurioe
603 341 836 394 prohibens
870 349 908 383 et
942 343 1142 383 ultionem
1177 342 1239 382 ad
1268 341 1409 382 Deum
1441 342 1649 395 redicens.

195 408 272 448 Ita
302 408 341 448 si
367 407 473 462 quid
507 407 707 448 Christus
743 407 906 456 intulit,
938 422 1021 449 non
1053 408 1318 456 adversario,
1351 408 1424 449 sed
1455 407 1652 461 adjutore

190 480 417 527 praecepto,
450 486 533 513 non
564 473 776 513 destruccit
806 473 1064 528 disciplinas
1096 474 1326 515 Creatoris.
1394 474 1588 528 Denique
1611 473 1652 515 si

196 539 245 578 in
278 539 419 591 ipsam
453 538 663 579 rationem
689 539 918 592 patientioe
942 540 1258 594 prcecipiendce,
1289 547 1328 580 et
1359 539 1528 594 quidem
1563 546 1652 580 tam

189 604 330 658 plenae
354 611 480 657 atque
504 604 708 657 perfecta}
737 605 1057 653 consideremus,
1087 619 1170 646 non
1199 605 1395 646 consistet
1423 606 1463 646 si
1486 619 1569 646 non
1592 613 1653 647 est

201 669 434 717 Creatoris,
460 669 536 724 qui
569 669 808 710 vindictam
842 672 1118 724 repromittit,
1141 672 1214 726 qui
1235 671 1427 724 judicem
1450 678 1649 725 prcestat.

198 735 378 790 Alioqui
400 736 440 777 si
465 742 632 776 tantum
655 737 885 790 patientice
908 737 1081 790 pondus
1103 751 1186 778 non
1208 737 1331 777 modo
1353 750 1437 778 non
1460 751 1653 789 repercu-

201 801 348 849 tiendi,
377 802 451 843 sed
479 808 518 842 et
550 801 688 842 aliam
718 802 946 843 maxillam
971 802 1205 855 prcebendi,
1235 809 1274 843 et
1302 816 1384 843 non
1413 803 1537 843 modo
1571 816 1655 843 non

199 867 544 915 remaledicendi,
571 868 644 908 sed
668 869 799 908 etiam
823 868 1104 916 benedicendi,
1134 875 1173 909 et
1193 881 1277 908 non
1304 868 1425 908 modo
1447 882 1531 908 non
1554 869 1655 909 reti-

200 933 330 974 nendi
366 934 569 981 tunicam,
598 934 671 974 sed
703 934 892 988 amplius
922 940 961 974 et
987 933 1180 987 pallium
1204 933 1455 974 concedendi
1480 934 1520 974 is
1547 934 1656 975 milei

200 999 396 1053 imponit,
422 999 498 1054 qui
520 1013 603 1040 non
626 1000 685 1040 sit
717 1014 781 1041 me
809 1000 1071 1053 defensurus,
1102 999 1150 1039 in
1179 1013 1363 1039 vacuum
1389 999 1657 1053 patientiam

193 1066 416 1120 proecepit,
441 1078 525 1106 non
558 1065 754 1106 coelzibens
788 1065 897 1105 mihi
930 1065 1158 1106 mercedem
1185 1065 1403 1119 praecepti,
1431 1066 1658 1119 patientis&

200 1132 297 1172 dico
320 1131 534 1185 fructum,
567 1131 680 1185 quod
710 1138 770 1172 est
800 1131 924 1178 ultio,
955 1144 1085 1183 quam
1121 1131 1231 1171 mihi
1250 1131 1500 1185 permisisse
1531 1132 1658 1172 debu-

201 1204 296 1238 erat
326 1198 365 1236 si
397 1198 487 1251 ipse
514 1209 596 1236 non
617 1201 816 1250 proestat‚
841 1203 919 1237 aut
946 1197 986 1237 si
1015 1196 1125 1236 mihi
1153 1210 1236 1237 non
1260 1197 1539 1250 permittebat
1567 1198 1658 1252 iyose

192 1269 437 1317 proestaret,
471 1262 671 1316 quoniam
714 1268 752 1303 et
789 1262 1033 1316 disciplinae
1065 1263 1239 1304 interest
1274 1262 1485 1316 injuriam
1515 1264 1658 1304 vindi-

200 1329 306 1370 cari.
393 1329 518 1369 AIetu
564 1329 673 1369 enim
718 1328 899 1369 ultionis
941 1329 1078 1370 omnis
1122 1329 1337 1383 iniquitas
1379 1330 1655 1383 refi·oenatzm·.

203 1396 399 1437 Ceterum
430 1395 599 1448 passim
642 1395 798 1435 emissa
845 1393 1053 1443 libertate,
1090 1395 1386 1435 dominabitur
1432 1402 1658 1450 utrumque

200 1461 368 1502 oculum
399 1461 617 1515 effossura,
653 1467 693 1501 et
727 1474 888 1502 omnem
922 1461 1085 1502 dentem
1120 1461 1365 1502 excitatura
1390 1474 1487 1515 prce
1518 1461 1658 1514 impu-

200 1528 356 1568 nitatis
378 1527 619 1568 securitate.

303 1593 329 1633 5
376 1591 537 1641 Censet,
562 1597 609 1633 ut
633 1590 832 1639 videmus,
862 1591 1140 1633 Tertullianus
1162 1605 1244 1632 non
1267 1591 1387 1633 modo
1412 1591 1657 1635 Christianis

202 1656 517 1714 postulationem
553 1656 715 1698 talionis
750 1671 837 1698 esse
862 1656 1044 1706 vetitam,
1080 1657 1152 1699 sed
1183 1672 1235 1699 ne
1269 1657 1459 1699 Hebraeis
1494 1658 1658 1713 quidem

203 1722 455 1780 permissam,
481 1728 676 1777 tanquam
709 1737 800 1778 quae
835 1722 933 1764 vitio
966 1728 1139 1772 careret,
1176 1723 1248 1764 sed
1283 1723 1448 1779 majoris
1478 1724 1573 1765 mali
1601 1724 1660 1765 vi-

203 1788 320 1831 tandi
344 1802 476 1830 eausa.
547 1788 668 1839 Quod
700 1789 797 1844 quin
825 1803 967 1830 verum
1000 1789 1052 1830 sit
1084 1789 1136 1830 de
1160 1789 1232 1830 tali
1256 1789 1542 1844 postulatione,
1568 1804 1660 1845 quae

205 1869 256 1897 ex
292 1854 384 1896 odio
409 1853 534 1903 venit,
559 1869 641 1896 non
675 1859 738 1896 est
769 1854 1050 1904 dubitandum,
1074 1860 1122 1896 ut
1156 1869 1208 1896 ex
1236 1854 1514 1910 superioribus
1535 1869 1662 1911 appa-

204 1926 270 1963 ret
350 1920 457 1962 Nam
493 1920 599 1961 hane
639 1919 911 1976 improbatam
946 1919 1069 1962 etiam
1104 1919 1182 1961 illis
1217 1920 1287 1976 qui
1321 1919 1428 1962 inter
1461 1921 1663 1963 Hebraeos

204 1985 404 2042 sapientia
428 1985 693 2035 excellebant,
718 2000 793 2027 nec
811 1985 914 2042 legis
933 1986 1061 2027 verba
1078 1991 1240 2028 tantum
1259 1985 1331 2028 sed
1351 1992 1392 2028 et
1409 1986 1663 2043 propositum

204 2051 481 2100 intuebantur,
507 2065 559 2092 ex
592 2050 764 2093 Philone
798 2057 988 2107 apparet,
1024 2051 1135 2107 apud
1169 2066 1290 2107 quem
1321 2051 1353 2092 J
1358 2052 1462 2094 udaei
1486 2052 1663 2095 Alexan-

205 2116 313 2160 drini
336 2116 378 2158 in
402 2116 539 2159 Flacci
570 2117 600 2157 J
606 2117 816 2158 udaeorum
845 2116 1051 2158 vexatoris
1075 2117 1305 2158 calamitate
1328 2117 1387 2159 ita
1410 2118 1660 2172 loquuntur:

205 2182 276 2228 οὐκ
311 2177 576 2244 ἐφηδῦμεθα,
613 2177 644 2224 ὦ
678 2177 893 2231 δέσποτα,
919 2183 1136 2241 τιμωρίαις
1170 2179 1347 2241 ἐχθροῦ,
1372 2177 1664 2240 δεδιδαγμένοι

205 2246 313 2309 πρὸς
347 2250 435 2292 τῶν
468 2247 589 2306 ἰερῶν
625 2244 758 2300 νόμων
791 2244 1171 2307 άνθρωποπαθεῖν·
1217 2262 1301 2289 non
1334 2249 1607 2299 delectamur,
1640 2265 1665 2292 ο

204 2360 269 2389 vice
282 2358 364 2387 oculi
378 2368 483 2387 eruere
492 2358 676 2396 permissum
689 2361 742 2394 est,
757 2360 846 2387 tanta
860 2360 904 2387 est
969 2357 1250 2395 injuriisjubentur
1261 2357 1276 2387 .⁹
1317 2358 1426 2397 (Tom.
1444 2367 1496 2387 111.
1511 2368 1584 2398 pag.
1596 2359 1666 2396 845,

206 2407 352 2437 iracundi
369 2417 472 2445 poena,
492 2411 607 2445 quanto
627 2408 727 2446 maqis
746 2407 833 2445 apud
851 2417 902 2437 eos
968 2409 1040 2440 846.
1080 2408 1170 2438 Edit.
1188 2407 1307 2447 Sat-il.)

205 2459 260 2498 qui
280 2457 366 2486 mala
387 2458 476 2495 passi
491 2457 630 2496 proebere
650 2467 681 2486 se
701 2457 901 2487 ulterioribus

207 2620 379 2656 without
398 2620 483 2662 this,
502 2620 668 2656 violence
688 2620 809 2655 would
834 2631 882 2666 go
902 2624 941 2655 to
963 2624 1157 2655 extremes.

282 2683 302 2713 ὅ
343 2677 445 2712 Thus
475 2677 682 2712 Tertullian
711 2677 836 2712 thinks
871 2677 953 2711 that
989 2688 1148 2723 revenge
1185 2688 1257 2712 was
1293 2677 1493 2723 permitted
1525 2681 1565 2713 to
1601 2678 1667 2714 the

209 2735 399 2776 Hebrews,
419 2738 485 2769 not
505 2745 544 2769 as
564 2745 587 2768 a
606 2734 712 2779 thing
731 2734 937 2775 blameless,
957 2734 1025 2768 but
1046 2738 1084 2768 to
1105 2734 1213 2768 avoid
1234 2745 1256 2768 a
1275 2740 1423 2779 greater
1442 2735 1524 2769 evil.
1581 2736 1666 2770 And

210 2792 285 2828 this
308 2792 337 2827 is
371 2790 628 2836 undoubtedly
658 2790 722 2825 the
755 2801 850 2831 case,
878 2790 965 2825 with
996 2790 1086 2825 such
1117 2791 1276 2825 demand
1304 2791 1346 2826 of
1373 2791 1600 2827 satisfaction
1625 2804 1666 2828 as

209 2848 388 2895 proceeds
408 2847 504 2882 from
525 2847 665 2888 wrath3
689 2847 763 2881 and
789 2858 829 2882 so
850 2846 913 2882 the
931 2858 1092 2893 purpose
1109 2847 1151 2882 os
1166 2847 1228 2882 the
1248 2848 1317 2881 law
1337 2859 1409 2883 was
1429 2849 1667 2891 understood,

209 2916 248 2941 as
269 2916 425 2951 appears
446 2905 485 2938 in
506 2904 624 2939 Philo.
675 2903 759 2938 And
777 2903 850 2939 this
867 2904 896 2939 is
917 2904 982 2939 the
1002 2904 1108 2950 point
1128 2908 1167 2940 to
1188 2904 1307 2940 which
1324 2905 1474 2941 Christ's
1494 2910 1666 2952 precepts

1682 2067 1742 2098 Pag,
1751 2067 1799 2092 982
1809 2073 1838 2090 n.
