2018 3204
790 173 857 207 DE
889 172 1070 208 POENIS.

205 173 295 208 CAr.
316 168 426 220 XX.]
1581 167 1666 210 297

205 284 317 325 enim
355 283 536 337 simplex
572 290 797 338 peccatum
833 291 893 325 est
927 299 1009 326 non
1040 283 1176 326 solum
1210 283 1386 331 malum,
1424 284 1500 325 sed
1534 285 1666 325 etiam

205 350 383 390 vetitum
414 350 681 391 committere.
752 348 943 391 Tacitus:
978 351 1018 391 si
1051 350 1156 391 velis
1187 350 1304 406 quod
1337 351 1528 390 nondum
1564 351 1667 391 veti-

207 422 297 455 tum
321 422 392 463 est,
418 415 593 456 ⁴timeos
617 429 666 456 nc
685 423 817 457 vetere
832 431 845 456 :
880 423 927 456 at
951 417 990 457 si
1008 417 1234 469 prohibita
1251 417 1427 468 impune
1452 423 1667 457 transcen-

206 481 335 530 deris,
360 495 489 535 neque
512 488 645 521 metus
668 481 800 528 ultra,
827 495 956 535 neque
972 482 1119 535 pudor
1142 489 1214 523 est.

307 545 468 586 XXXI.
530 546 554 585 1
597 546 789 586 Persona>
808 545 1007 599 aptitudo,
1029 551 1101 587 aut
1120 546 1174 587 ad
1191 545 1507 588 considerandas
1526 560 1668 588 causas

205 616 452 659 avertentes,
484 615 556 651 aut
579 610 632 651 ad
656 610 930 665 suscipiendos
959 611 1128 652 affectus
1158 611 1385 661 incitantes,
1416 611 1668 654 considerari

205 675 310 717 solet
333 675 374 716 in
398 674 581 731 corporis
604 675 795 724 mixtura,
821 681 956 726 aetate,
982 691 1095 725 sexu,
1128 677 1379 727 educatione,
1405 677 1669 719 circumstan-

205 740 272 783 tiis
295 746 422 783 actus.
478 741 585 782 Nam
610 746 652 782 et
673 741 803 796 pueri,
828 746 870 783 et
892 741 1066 791 feminae,
1085 747 1127 783 et
1150 742 1274 784 crassi
1292 742 1446 799 ingenii
1470 742 1666 792 homines,

206 806 393 862 maleque
417 806 591 856 educati,
618 806 720 862 justi
745 812 786 849 et
809 806 960 862 injusti,
993 807 1090 849 liciti
1115 813 1157 848 et
1179 807 1308 849 illiciti
1333 807 1565 849 discrimina
1595 807 1668 848 mi-

205 886 281 913 nus
302 872 457 914 habent
480 873 668 929 cognita:
696 878 737 914 et
760 872 804 914 in
828 872 974 927 quibus
997 872 1089 914 bilis
1113 872 1324 928 praevalet,
1349 872 1535 914 iracundi
1558 878 1666 922 sunt,

206 937 247 979 in
271 938 416 993 quibus
440 938 616 995 sanguis,
653 938 707 980 ad
728 952 918 980 venerem
946 938 1090 993 proni·
1080 971 1091 986 ‚
1130 942 1217 979 tum
1241 952 1339 979 vero
1360 938 1440 980 huc
1457 937 1666 993 juventus,

206 1003 300 1045 illuc
321 1009 507 1045 senectus
531 1003 772 1059 propendet.
820 1003 1080 1045 Andronicus
1103 1003 1314 1045 Rhodius:
1345 1005 1552 1064 φαίνεται
1579 1005 1667 1048 τοί-

207 1089 277 1113 νυν
311 1089 382 1112 ΟΤι
405 1067 659 1127 απολοῆίιαν
694 1089 792 1112 ’Τίνα
817 1063 958 1112 δίδωσι
985 1088 1072 1116 Τοῖς
1107 1070 1316 1129 αἰσχρθίς,
1344 1089 1398 1112 7'0
1425 1067 1666 1130 πεφυκέναι

207 1154 316 1193 προς
341 1154 466 1183 αντα,
489 1155 557 1178 και
582 1133 870 1193 ἀνεκτότερον
890 1155 1000 1178 ποιει
1027 1155 1081 1178 το
1105 1131 1321 1193 ἐ’γκλημα·
1346 1137 1518 1177 videtur
1522 1137 1669 1190 sactis

207 1202 405 1256 turpibus
434 1202 720 1243 excusationis
754 1202 927 1256 aliquid
961 1203 1134 1256 adferre
1173 1210 1351 1249 natura,
1387 1209 1426 1243 et
1463 1203 1669 1244 delictum

205 1269 357 1321 efficere
393 1267 669 1308 tolerabilius.
733 1267 892 1308 Metum
930 1267 1115 1308 accendit
1149 1266 1244 1307 mali
1280 1266 1526 1308 imminentis
1561 1268 1670 1324 cogi-

206 1332 320 1383 tatio,
358 1337 400 1374 et
433 1331 685 1374 iracundiam
719 1346 862 1373 recens
893 1346 940 1374 ac
972 1332 1144 1373 necdum
1177 1331 1341 1373 sedatus
1372 1333 1500 1381 dolor,
1536 1332 1594 1374 ita
1622 1338 1670 1374 ut

205 1397 407 1440 rationem
431 1397 565 1439 audiri
595 1397 664 1440 vix
688 1396 850 1440 sinant:
885 1403 1062 1453 suntque
1086 1397 1247 1439 illorum
1279 1398 1497 1440 affectuum
1521 1397 1670 1439 delicta

208 1527 245 1548 11.
267 1518 305 1548 cle
320 1518 521 1549 Sacerdotio:
546 1520 581 1548 οὐ
604 1519 669 1557 γάρ
688 1518 805 1548 ἁπλῶς
822 1520 906 1558 πρὸς

206 1568 248 1597 τὸ
264 1569 331 1597 ’τῶν
345 1568 633 1605 παραπτωμάτων
650 1568 771 1606 μέτρον
785 1569 835 1597 δεῖ
851 1569 905 1597 καὶ

971 1518 1101 1549 δόσεως·
1126 1520 1176 1549 hic
1198 1530 1258 1549 non
1280 1523 1397 1550 tantum
1412 1520 1544 1559 parjus
1563 1521 1668 1560 «Ιίῃηί-

969 1571 1122 1606 talemque
1136 1569 1267 1598 ostendit
1281 1570 1388 1598 Judai
1401 1574 1429 1599 et
1447 1570 1559 1606 Groeci,
1572 1570 1628 1600 sed
1640 1573 1670 1600 et

207 1616 269 1652 τήν
287 1617 459 1655 ἐπιτιμίαν
480 1617 631 1655 ἐπάγειν.
657 1617 747 1647 ἀλλά
771 1618 825 1646 καὶ
845 1619 906 1651 τῆς

207 1669 275 1695 τῶν
293 1666 552 1705 ἁμαρτανόντων
575 1666 796 1704 στοχάζεσθαι
821 1678 905 1704 προ-

207 1716 372 1752 αιρέσεως,
393 1726 451 1745 ηοη
466 1717 545 1744 enim
558 1716 603 1744 ad
614 1716 713 1745 solam
732 1725 906 1745 mensuram

206 1765 387 1795 delictorum
407 1774 500 1803 poena
520 1765 704 1802 imponenda
723 1768 776 1799 est,
803 1765 859 1794 scd
878 1768 905 1794 et

206 1814 421 1852 inquirendum
432 1814 611 1852 quis-fuerit
625 1814 689 1849 ejus
700 1814 906 1852 quipeccavit

207 1864 337 1893 animi-e.
381 1863 491 1900 (Tom.
511 1872 555 1891 v1.
572 1872 646 1901 pag.
664 1863 730 1899 10.)

265 1917 279 1931 ¹
299 1912 367 1941 Lex
385 1912 553 1950 prohibens
575 1913 679 1940 omnia
701 1912 815 1941 delicta
835 1921 904 1941 con-

970 1616 1116 1645 Jnclaeum
1136 1618 1194 1647 Itoe
1214 1619 1282 1656 ipso
1298 1621 1499 1657 prcrqrauari
1520 1620 1603 1658 quod
1624 1621 1668 1649 lc-

969 1676 1036 1704 qem
1063 1668 1224 1705 acceperit.
1266 1669 1332 1705 (Ad
1362 1670 1498 1698 Roman.
1525 1679 1599 1707 pag.
1620 1671 1668 1700 32.

971 1715 1137 1753 Tom.111.)
1152 1717 1290 1746 Deinde:
1306 1718 1399 1756 ὁγείρ
1415 1720 1571 1748 πλείονος
1584 1719 1669 1748 dro-

970 1765 1095 1794 λαύσας
1120 1767 1180 1800 τῆς
1214 1767 1439 1803 διδασκαλίας,
1469 1769 1602 1806 μείζονα
1630 1769 1671 1798 ἂν

970 1813 1018 1848 εἴη
1031 1814 1084 1842 καὶ
1096 1815 1257 1852 τιμωρίαν
1267 1815 1358 1853 ἄξιος
1372 1817 1546 1854 ὑπομεῖναι
1558 1829 1670 1855 παρα·

968 1865 1084 1900 νομῶν.
1124 1863 1210 1892 IVam
1224 1865 1279 1902 qui
1294 1865 1371 1902 plus
1394 1865 1596 1895 institutionis
1615 1876 1671 1896 ac-

969 1913 1057 1949 cepit,
1087 1913 1115 1941 is
1135 1914 1271 1950 majores
1292 1915 1386 1943 etiam
1414 1918 1565 1944 conlemtae
1593 1916 1671 1954 leqis

206 1961 354 1999 yeminat]
376 1961 463 1990 Bene
479 1960 739 1999 Chrysostomus:
763 1961 903 1990 ἐνταῦθα
963 1971 1074 2000 poenas
1088 1967 1231 1992 meretur.
1273 1963 1372 2001 (lbid.
1388 1974 1462 2003 pag.
1479 1965 1548 2002 30.)

205 2012 241 2040 οὺ
263 2011 361 2047 μόνον
385 2010 554 2047 ἰσοτιμίαν
577 2011 719 2039 δείκνυσι
744 2010 902 2039 Ἰουδαίου
1027 2012 1041 2029 ⁴
1061 2013 1164 2041 Locus
1185 2014 1245 2042 iste
1267 2014 1382 2049 Taciti,
1403 2018 1488 2044 recte
1503 2024 1671 2054 expensu5‚

206 2060 444 2096 καὶ”Ελληνος,
463 2058 554 2088 α’λλά
570 2059 621 2088 καὶ
638 2060 725 2088 πολὺ
745 2060 805 2088 τὸν
819 2059 902 2089 Ἰου-
968 2060 1012 2089 nil
1027 2062 1068 2090 ad
1082 2071 1149 2091 rem
1163 2062 1251 2092 facit.
1294 2062 1328 2092 J.
1346 2063 1387 2092 Β.

205 2109 295 2138 δαῖον
317 2109 517 2147 βαρούμενον
538 2108 606 2138 α’πὸ
631 2111 694 2144 τῆς
716 2110 776 2138 τοῦ
803 2109 902 2148 νόμου

206 2273 344 2319 rightly
361 2274 538 2313 directed,
560 2277 626 2308 not
650 2273 714 2308 the
735 2273 857 2307 naked
879 2273 992 2308 delict
1018 2278 1056 2308 to
1080 2274 1127 2309 be
1144 2275 1323 2320 regarded
1343 2276 1440 2322 only,
1456 2277 1524 2312 but
1544 2281 1583 2313 at
1603 2278 1668 2314 the

207 2341 307 2364 same
325 2331 414 2364 time
431 2330 494 2363 the
511 2330 712 2374 preceding
732 2330 803 2363 and
825 2330 1044 2375 succeeding
1061 2331 1137 2365 life.
1200 2332 1231 2365 A
1257 2332 1325 2366 law
1343 2333 1507 2368 directed
1525 2336 1670 2380 against

208 2397 230 2420 a
250 2387 386 2430 special
408 2387 474 2426 sin,
492 2386 524 2418 if
536 2386 708 2427 violated,
729 2386 819 2420 adds
840 2398 862 2420 a
879 2386 1013 2432 degree
1035 2388 1078 2421 of
1094 2387 1286 2434 depravity
1304 2393 1342 2423 to
1367 2389 1450 2424 that
1468 2390 1587 2425 which
1605 2391 1669 2427 the

209 2443 265 2477 sin
287 2442 335 2486 by
353 2442 456 2476 itself
473 2442 593 2475 would
615 2448 680 2476 not
701 2442 805 2476 have.
852 2443 900 2477 So
922 2443 1140 2488 Augustino,
1158 2445 1319 2480 Tacitus.

279 2498 427 2532 XXXI.
481 2502 497 2531 1
544 2495 686 2542 [Thu-d,
707 2510 745 2533 as
763 2503 801 2533 to
822 2499 886 2533 the
907 2501 1076 2545 aptitudo
1098 2501 1140 2535 of
1159 2501 1221 2535 the
1242 2499 1408 2546 person.]
1472 2503 1551 2538 The
1572 2506 1668 2550 apti-

209 2555 299 2590 tude
321 2555 363 2588 of
389 2554 452 2588 the
480 2566 626 2600 person,
656 2555 776 2589 either
801 2560 840 2590 to
870 2557 1040 2591 consider
1062 2557 1123 2592 the
1145 2557 1387 2604 withholding
1407 2571 1545 2601 causes,
1566 2572 1608 2595 or
1629 2567 1668 2596 to

208 2612 282 2646 scel
303 2610 367 2645 the
387 2622 510 2656 power
537 2611 579 2645 of
603 2611 667 2646 the
694 2612 887 2657 impelling
914 2613 1117 2654 affections,
1146 2625 1231 2660 may
1259 2615 1306 2649 be
1329 2617 1547 2651 considered
1568 2629 1607 2652 as
1629 2624 1668 2653 to

208 2668 265 2703 his
291 2668 543 2707 constitution,
574 2679 653 2713 age,
679 2679 751 2708 seX,
778 2668 986 2710 education,
1016 2670 1089 2704 and
1118 2670 1181 2705 the
1212 2671 1496 2708 circumstances
1531 2674 1574 2708 of
1604 2674 1669 2710 the

209 2730 280 2759 act.
343 2725 416 2758 For
447 2723 625 2765 children,
660 2735 814 2765 women,
847 2736 1000 2769 persons
1031 2726 1073 2760 of
1095 2727 1173 2760 dull
1203 2728 1382 2769 intellect,
1412 2730 1453 2763 ill
1485 2730 1668 2766 educated

210 2792 373 2827 persons,
406 2791 469 2814 are
490 2780 560 2814 less
582 2781 665 2815 able
692 2785 731 2815 to
752 2782 920 2826 pereeive
942 2782 1005 2817 the
1026 2783 1242 2818 differences
1272 2785 1315 2819 of
1337 2785 1416 2829 just
1436 2787 1508 2821 and
1530 2788 1669 2832 unjust,

210 2839 253 2872 of
277 2838 400 2872 lawsul
422 2837 494 2871 and
522 2837 716 2871 unlawful:
745 2837 850 2872 those
878 2839 916 2871 in
944 2839 1065 2873 whom
1091 2840 1165 2874 bile
1191 2842 1349 2886 prevails
1379 2853 1442 2877 are
1472 2843 1668 2885 irascible;

210 2894 315 2930 those
336 2895 375 2928 in
392 2894 511 2928 whom
537 2894 660 2935 blood,
687 2894 839 2936 lustfu13
865 2895 936 2929 and
958 2896 1074 2942 youth
1095 2897 1201 2931 tends
1223 2901 1261 2932 to
1283 2908 1354 2934 one
1375 2899 1418 2934 of
1433 2900 1538 2936 these
1557 2912 1667 2947 ways,

1685 359 1707 382 A
1711 365 1758 383 nn.
1771 358 1809 382 iii.
1822 358 1862 382 54.

1688 1014 1810 1044 Paraph.
1824 1014 1855 1038 in

1686 1046 1746 1069 Είὴ,
1765 1046 1825 1069 Nic.
1842 1045 1885 1069 vii.

1688 1077 1724 1099 10.
1738 1083 1763 1106 p.
1776 1076 1831 1099 444.
