2018 3204
275 139 365 174 CAP.
386 135 492 182 XX]

274 249 400 289 aliud
422 249 527 301 quid
535 249 728 304 furatus
751 256 822 297 est,
852 263 937 303 pro
961 263 1005 290 eo
1029 250 1108 289 dat
1127 261 1292 303 poenas.

860 139 928 173 DE
960 139 1140 173 POENIS.

1654 136 1735 174 24⁴5

1362 247 1477 290 Idem
1503 249 1704 304 posterius
1720 266 1729 291 :

279 311 639 370 συναλλάγματα
664 313 702 356 οἱ
728 313 906 356 παλαιοὶ
929 310 1116 357 ἐκάλουν
1140 311 1187 356 οὗ
1207 310 1336 364 μόνον
1367 309 1394 356 ἃ
1417 311 1590 358 ἑκόντες
1615 334 1733 358 συνε-

275 379 453 422 τίθεντο
486 377 593 438 πρὸς
617 376 838 429 ἀλλήλους
867 379 1019 427 ποιεῖν,
1057 376 1175 422 ἀλλὰ
1196 377 1264 421 καὶ
1290 376 1350 421 τοὶ
1375 376 1458 422 ὑπὸ
1489 381 1576 422 τῶν
1603 378 1733 431 νόμων

274 439 597 503 διηγορευμένα·
629 452 872 486 contractas
895 459 925 485 a
942 445 1151 486 veteribus
1175 445 1508 499 appellabantur
1531 460 1614 487 non
1639 454 1733 487 tan-

276 517 364 550 tum
385 524 478 564 quae
501 511 661 551 mutuis
684 510 1025 552 conventionibus
1049 517 1257 558 constant,
1289 511 1362 551 sed
1386 518 1424 552 et
1454 525 1547 565 quw
1573 512 1732 565 lessibus

273 583 372 615 sunt
395 576 540 616 vetita.

366 640 445 680 III.

507 640 530 680 1
573 638 655 681 Sed
679 638 799 694 hujus
813 638 919 695 juris
943 640 1181 695 subjeetum,
1206 640 1249 681 id
1272 646 1346 690 est,
1373 641 1436 682 cui
1451 641 1520 696 jus
1544 642 1732 691 debetur,

271 718 347 760 per
370 709 560 746 naturam
583 704 713 760 ipsam
737 704 1051 747 determinatum
1072 720 1154 747 non
1187 711 1260 747 est.

1330 706 1471 748 Dictat
1495 706 1602 747 enim
1624 707 1731 748 ratio

272 769 512 812 maleficium
544 784 662 825 posse
689 770 835 825 puniri,
871 785 953 811 non
981 776 1119 812 autem
1150 770 1240 825 quis
1271 770 1417 826 punire
1451 771 1624 812 debeat:
1657 771 1733 812 nisi

272 835 382 891 quod
405 835 503 877 satis
524 835 677 877 indicat
699 840 848 877 natura
879 835 1299 877 convenientissimum
1333 850 1420 877 esse
1443 842 1489 877 ut
1512 836 1554 877 id
1577 835 1649 877 fiat
1679 837 1731 878 ab

272 915 320 942 eo
343 900 413 956 qui
436 901 621 956 superior
639 905 726 942 est:
752 915 833 942 non
853 906 991 942 tamen
1016 907 1057 943 et
1080 900 1242 942 omnino
1266 901 1343 942 hoe
1367 901 1620 943 demonstret
1644 916 1732 943 esse

271 966 556 1014 necessarium,
592 966 669 1007 nisi
693 980 773 1007 vox
803 965 1025 1021 superioris
1057 981 1105 1007 eo
1137 971 1323 1007 sumatur
1350 981 1483 1016 sensu,
1515 973 1561 1009 ut
1594 967 1629 1008 is
1661 967 1732 1022 qui

271 1031 377 1073 male
409 1031 495 1088 egit
522 1046 569 1073 eo
593 1031 680 1087 ipso
715 1045 758 1071 se
789 1030 933 1086 quovis
956 1030 1036 1072 alio
1066 1030 1302 1073 inferiorem
1333 1038 1547 1074 censeatur
1575 1032 1730 1082 fecisse,

270 1102 313 1138 et
345 1097 460 1152 quasi
491 1111 543 1138 ex
573 1096 781 1138 hominum
813 1110 935 1137 censu
967 1096 1189 1138 detrusisse
1218 1092 1279 1138 sin
1308 1112 1472 1139 censum
1508 1098 1732 1140 bestiarum

270 1176 362 1217 quae
384 1161 536 1203 homini
560 1161 784 1217 subjacent,
820 1161 930 1216 quod
955 1175 979 1203 a
1002 1161 1206 1219 theologis
1234 1162 1476 1218 quibusdam
1509 1169 1570 1205 est
1594 1163 1731 1218 prodi·
1751 1175 1845 1199 Thom.
1861 1176 1918 1202 22.

269 1232 369 1269 tum.
433 1227 722 1269 Democritus:
760 1227 892 1287 φύσει
929 1224 985 1270 τό
1022 1223 1177 1288 ἄρχειν
1210 1225 1368 1281 οἱκήῒον
1403 1232 1467 1285 τῷ
1502 1230 1729 1289 κρείσσονι,

267 1332 349 1361 illud
361 1333 455 1362 debiti
468 1336 571 1363 sonat.
592 1332 664 1362 Hoc
678 1332 756 1361 enim
771 1331 864 1361 etiam
878 1332 966 1360 moclo

268 1382 452 1419 dicipoluit,
469 1382 552 1420 qnod
566 1382 679 1411 (lictum
693 1385 755 1410 est:
778 1382 877 1410 sinon
897 1381 968 1410 red-

268 1431 315 1459 dit
318 1431 472 1468 faciendo
486 1431 570 1468 quod
582 1430 678 1465 (lebet,
694 1430 799 1458 reddet
815 1429 966 1466 patiendo

267 1479 351 1517 quod
370 1479 464 1508 debet.
489 1479 585 1517 (Cap.
604 1480 649 1508 15.
673 1478 690 1517 ξ
709 1480 756 1507 44.
778 1478 842 1507 Ea.
867 1478 966 1507 Bene-

268 1529 394 1565 dictim.)

327 1584 340 1600 θ
360 1579 432 1617 Ipse
447 1583 474 1608 te
486 1579 557 1608 huic
566 1589 666 1617 paenoe
674 1577 856 1615 subdidisti]
874 1578 965 1606 Philo

267 1629 330 1657 fine
353 1629 425 1657 libri
451 1629 544 1666 primi
566 1629 603 1657 (Ie
631 1628 704 1657 Vita
724 1628 849 1663 ,Uosis5
872 1628 966 1657 αὐτοὶ

267 1678 332 1715 ’γάρ
348 1689 403 1706 τοι
419 1678 616 1707 σπεύδοντες
630 1676 841 1714 ἁμαρτάνειν,
864 1677 966 1705 σπεύ-

267 1728 342 1756 δετε
370 1728 422 1756 καὶ
444 1727 526 1764 πρὸς
548 1727 723 1764 τιμωρίας·
743 1736 873 1763 peccare
895 1727 966 1755 dum

257 1777 432 1814 festinatis,
447 1776 491 1805 ad
505 1785 613 1814 poenas
624 1776 778 1813 ferendas
789 1776 964 1813 festinatis.

269 1826 366 1864 (Pag.
383 1825 440 1855 652
456 1825 507 1862 D.)

326 1875 340 1891 2
362 1875 397 1902 ln
422 1874 566 1902 omnibus
589 1874 788 1902 Editionibus
809 1876 876 1902 erat
896 1873 965 1902 heic

265 1934 320 1954 suo
343 1924 470 1953 merito.-
495 1924 549 1953 sed
572 1927 682 1952 contra
704 1924 872 1952 lectionem
897 1933 965 1952 om-

266 1975 352 2004 nium
368 1974 508 2012 corporis
523 1972 611 2001 Juris
628 1973 792 2008 Codicum,
806 1982 884 2009 quos
895 1973 964 2010 qui-

267 2025 337 2054 dem
355 2023 498 2059 viderim,
520 2026 552 2052 et
572 2026 688 2061 praeter
709 2025 847 2051 mentem
869 2022 964 2050 etiam

1035 1332 1185 1362 Auctoris
1213 1333 1322 1368 nostri,
1338 1333 1402 1370 qui,
1425 1334 1499 1361 dum
1521 1333 1652 1370 exponit
1671 1342 1733 1362 sua

1032 1382 1196 1417 voluntate,
1217 1382 1384 1410 manifesto
1400 1382 1548 1418 ostendit,
1567 1392 1599 1411 se
1618 1383 1733 1420 legisse

1032 1440 1094 1459 sua
1121 1435 1216 1460 mente
1229 1441 1238 1460 .·
1275 1441 1466 1469 quamquam
1493 1433 1560 1470 ipse
1594 1437 1733 1461 erratum

1033 1489 1095 1509 non
1110 1480 1378 1515 animadverterit,
1390 1482 1484 1509 etiam
1497 1491 1593 1519 quum
1608 1482 1640 1510 in
1656 1482 1732 1510 Edi-

1033 1530 1118 1558 tione
1132 1539 1204 1559 ann.
1222 1530 1315 1559 1632:
1339 1531 1470 1559 adderet
1484 1541 1575 1560 voces
1597 1540 1732 1569 sequen-

1033 1578 1157 1614 tesjam
1173 1582 1248 1615 tum,
1264 1589 1334 1616 quae
1348 1580 1380 1608 in
1395 1580 1498 1618 prima
1512 1581 1660 1610 Editione
1677 1581 1732 1610 de-

1032 1631 1116 1657 sunt.
1158 1629 1193 1657 J.
1209 1629 1249 1657 B.

1091 1676 1103 1694 ³
1117 1677 1214 1715 Apud
1230 1678 1388 1707 'ricmm
1406 1679 1576 1717 legendum
1591 1680 1730 1717 omnino,

1031 1729 1068 1755 ut
1096 1727 1194 1755 edidit
1215 1727 1412 1761 chqmus:
1449 1728 1677 1767 Statuiturque,
1699 1733 1733 1759 ut

1032 1776 1144 1813 iynaro
1164 1775 1285 1804 domino
1300 1776 1345 1804 acl
1360 1776 1394 1804 id
1403 1777 1567 1815 prolapsa,
1583 1778 1615 1806 in
1635 1779 1732 1807 servi-

1031 1827 1091 1853 inte
1106 1835 1115 1853 .-
1138 1825 1186 1853 sin
1201 1825 1406 1861 consensisset,
1424 1835 1486 1863 pro
1507 1827 1620 1855 liberta
1638 1827 1731 1856 habe-

1030 1878 1125 1903 retur.
1157 1875 1238 1904 Vide
1254 1875 1296 1903 ibi
1312 1877 1343 1905 J.
1358 1876 1419 1906 Fu.
1430 1877 1587 1906 Gnoxov.
1602 1877 1730 1907 Notam.

1032 1924 1082 1953 Sic
1096 1924 1183 1952 locus
1198 1925 1242 1952 nil
1256 1925 1295 1953 ad
1308 1934 1373 1953 rem
1388 1925 1473 1954 facit.
1515 1926 1549 1954 J.
1567 1927 1610 1955 B.

1091 1972 1102 1994 s
1118 1973 1157 2002 In
1173 1982 1291 2001 censum
1305 1973 1488 2011 bestiarum]
1514 1974 1564 2003 Sic
1580 1977 1611 2004 et
1626 1975 1732 2004 Moses

1031 2021 1240 2050 Maimonides
1254 2022 1294 2050 ad
1308 2022 1402 2051 Dent.
1418 2023 1527 2052 xxxiii.

267 2171 307 2201 to
323 2165 391 2201 her
408 2177 489 2200 own
505 2166 658 2211 slavery,
670 2167 826 2201 because
844 2166 926 2201 that
944 2178 1014 2200 was
1028 2166 1092 2201 the
1103 2166 1342 2212 punishment
1357 2167 1417 2201 for
1433 2166 1522 2201 such
1536 2177 1687 2212 persons
1695 2167 1727 2202 *.

341 2227 362 2256 4
391 2223 553 2257 Michael
574 2223 755 2267 Ephesius
777 2234 825 2257 on
845 2222 1021 2257 Aristotie
1040 2223 1238 2257 illustrates
1259 2222 1343 2257 this.

339 2280 408 2315 ΙΙΙ.

270 2337 383 2369 whom
408 2336 437 2369 it
458 2336 486 2369 is
508 2335 591 2375 due,
617 2335 646 2369 is
672 2340 738 2369 not
763 2335 993 2370 determined
1014 2336 1063 2381 by
1083 2341 1215 2370 nature
1237 2336 1346 2370 itself.

470 2284 487 2312 1
521 2279 574 2313 Of
600 2278 690 2313 such
715 2279 965 2324 punishment,
995 2279 1058 2313 the
1088 2279 1241 2323 subject,
1270 2279 1352 2314 that
1381 2279 1422 2319 is,
1447 2278 1512 2313 the
1536 2290 1670 2324 person
1697 2287 1729 2314 to

1409 2336 1553 2370 Nature
1574 2337 1729 2371 dictatos

271 2392 353 2426 that
385 2391 570 2435 evildoing
605 2402 689 2436 may
720 2391 766 2425 be
799 2392 992 2437 punishcd‚
1024 2392 1092 2427 but
1128 2397 1194 2426 not
1226 2393 1306 2427 who
1348 2392 1464 2437 ought
1500 2397 1539 2427 to
1568 2393 1726 2438 punish:

273 2453 404 2493 except
434 2447 515 2481 that
543 2452 674 2482 nature
699 2449 918 2494 sussieiently
942 2450 1120 2483 indicates
1143 2449 1224 2484 that
1245 2450 1273 2483 it
1293 2450 1322 2483 is
1343 2454 1439 2483 most
1460 2450 1619 2484 suitable
1646 2450 1729 2484 that

272 2506 302 2539 it
322 2504 368 2538 be
395 2504 491 2538 done
511 2504 561 2549 by
582 2515 652 2538 one
673 2504 754 2538 who
783 2506 811 2539 is
841 2506 1028 2551 superior:
1056 2511 1118 2551 yet
1138 2510 1205 2540 not
1228 2507 1265 2539 in
1289 2506 1378 2540 such
1399 2517 1478 2551 way
1502 2517 1541 2540 as
1569 2511 1608 2540 to
1630 2506 1729 2541 shew

271 2561 354 2596 that
371 2560 443 2595 this
460 2561 489 2594 is
507 2571 720 2607 necessary3
747 2566 876 2607 except
893 2562 956 2596 the
975 2563 1072 2596 word
1089 2564 1251 2607 superior
1269 2563 1316 2597 be
1334 2563 1445 2597 taken
1463 2563 1501 2595 in
1518 2562 1590 2597 this
1611 2574 1728 2604 sense,

271 2618 354 2652 that
385 2617 432 2651 he
459 2617 540 2651 who
561 2617 626 2651 has
655 2618 751 2652 done
780 2629 905 2663 wrong
936 2618 1013 2659 has,
1044 2619 1093 2663 by
1115 2619 1195 2654 that
1219 2631 1307 2665 very
1331 2620 1417 2660 fact,
1443 2619 1551 2654 made
1579 2619 1732 2654 himself

271 2675 424 2708 inferior
444 2678 483 2727 to
504 2685 576 2718 any
594 2674 711 2714 other,
732 2675 804 2708 and
831 2674 896 2708 has
918 2675 1039 2709 thrust
1059 2675 1212 2709 himself
1233 2680 1298 2710 out
1319 2676 1361 2709 of
1383 2676 1446 2710 the
1464 2676 1556 2710 class
1578 2677 1620 2710 of
1641 2688 1727 2711 men

270 2732 350 2765 into
371 2730 452 2764 that
474 2730 516 2763 of
533 2730 595 2764 the
613 2731 766 2765 inferior
781 2731 919 2771 brutes,
937 2743 975 2766 as
992 2742 1093 2766 some
1111 2732 1342 2778 theologians
1363 2732 1462 2767 hold.
1502 2733 1572 2768 See
1589 2734 1727 2768 Demo-

271 2788 395 2828 c1itus,
416 2787 603 2821 Aristotle.

330 2858 346 2873 ⁴¹
369 2858 472 2887 Tacit.
488 2857 602 2886 Annal.
622 2867 686 2887 xm.
703 2860 751 2888 53.
794 2859 862 2888 The
878 2869 1021 2897 passage,
1033 2860 1150 2898 rightly
1167 2861 1251 2897 used,
1268 2861 1292 2890 is
1309 2861 1446 2900 nothing
1460 2864 1493 2892 to
1509 2862 1563 2892 the
1579 2872 1729 2901 purpose,

270 2916 303 2935 as
320 2906 496 2944 Bariwyrac
511 2907 661 2936 remarks.

1753 268 1797 292 Ad
1808 268 1870 299 Cap.
1885 269 1907 293 4.

1750 1209 1841 1236 quaest.
1857 1207 1897 1229 (54.

1750 1240 1798 1259 art.
1810 1238 1832 1259 9,.
1847 1239 1873 1260 et
1885 1237 1922 1260 ώὶ

1750 1267 1832 1296 (Σειμςῖ,

1750 1297 1832 1325 Apud
1845 1297 1918 1320 Stob.

1751 1328 1834 1351 serm.
1848 1328 1887 1354 47.
