2018 3204
81 1304 173 1334 AEgid.
188 1304 250 1334 Rea.

81 1335 115 1357 de
125 1336 176 1358 act.
189 1341 251 1363 sup.

81 1366 152 1420 5651).
167 1365 205 1389 31.
219 1371 246 1388 n.

845 321 1036 364 CAPUT
1072 322 1234 364 XXVI.

322 439 391 474 DE
423 436 601 473 GAUSIS
631 435 805 471 JUSTIS
834 434 905 469 UT
936 434 1147 469 BELLUM
1177 431 1420 468 GERATUR
1450 431 1515 467 AB
1546 433 1630 468 HIS
1663 432 1754 474 QUI

659 493 755 528 SUB
785 491 977 526 ALIENO
1007 490 1225 525 IMPERIO
1258 490 1406 524 SUNT.

344 593 375 628 Ι.
421 592 492 635 Qui
516 592 685 627 dicantur
709 602 775 626 esse
799 592 861 625 sub
886 591 1001 625 alieno

417 650 577 695 imperio.

331 707 381 743 II.
418 707 516 749 Quid
551 707 604 741 hic
630 706 847 750 faciendum
884 703 914 738 si
954 704 1004 737 ad

415 764 697 798 deliberationem
756 762 1003 801 adhibeantur,

416 827 480 855 aut
511 822 658 855 liberam
681 820 875 854 electionem
900 819 1002 851 habc-

417 884 492 912 ant.

420 935 463 969 Si
479 935 672 979 imperetur
688 933 785 978 ipsis,
806 938 837 967 et
854 942 1001 966 causam

416 992 495 1026 belli
530 992 702 1037 injustam
736 990 894 1030 credant,
929 998 1002 1021 ozon

324 935 394 969 ΙΙΙ.

1184 588 1426 623 militandum.

1086 645 1152 681 IV.
1183 645 1280 688 Quid
1298 646 1328 679 si
1348 645 1531 679 dubitent?

1099 703 1146 738 V.
1178 703 1330 736 Pietatis
1359 714 1424 736 esse
1453 703 1518 736 hac
1543 701 1582 735 in
1601 712 1640 735 re
1665 702 1766 736 dubi-

1186 760 1341 793 tantibus
1360 759 1506 792 subditis
1527 769 1687 803 parcere,
1705 759 1768 792 sub

1186 827 1286 849 onere
1307 816 1430 849 tributi
1449 815 1742 849 extraordinarii.

1088 873 1155 907 VI.
1186 873 1338 914 Quando
1348 873 1569 906 subditorum
1581 883 1689 906 arma
1690 872 1769 918 jus-

1185 935 1223 963 ta
1242 930 1314 963 sint
1333 930 1373 963 in
1393 929 1477 964 bello
1498 929 1640 975 injusto.

300 1097 334 1138 Ι.
459 1094 644 1137 GIMUS
665 1093 716 1135 de
733 1092 798 1134 his
821 1091 890 1148 qui
909 1095 1004 1133 sunt
1027 1089 1089 1132 sui
1107 1090 1239 1145 juris:
1265 1094 1361 1132 sunt
1380 1089 1450 1131 alii
1472 1089 1515 1131 in
1539 1089 1770 1133 conditione

480 1159 653 1216 parendi
676 1158 810 1215 positi,
835 1163 882 1199 ut
914 1156 985 1198 filii
1013 1156 1272 1205 familiarum,
1299 1155 1422 1208 servi,
1454 1155 1619 1205 subditi,
1645 1155 1770 1198 etiam

301 1227 410 1269 cives
434 1225 596 1282 singuli,
621 1224 655 1266 si
678 1239 769 1266 cum
794 1222 971 1265 civitatis
995 1236 1079 1263 suae
1100 1236 1271 1277 corpore
1290 1227 1591 1277 comparentur.

398 1292 454 1333 II.

527 1291 584 1331 Hi
620 1304 718 1332 vero
756 1289 790 1330 si
830 1293 901 1330 aut
933 1287 987 1329 ad
1023 1286 1360 1328 deliberationem
1397 1287 1660 1336 adhibentur,
1696 1292 1769 1329 aut

300 1358 431 1400 libera
453 1356 552 1413 ipsis
575 1355 686 1412 optio
712 1355 835 1397 datur
864 1352 1068 1394 militandi
1090 1358 1162 1394 aut
1186 1352 1432 1407 quiescendi,
1458 1352 1622 1394 easdem
1646 1368 1769 1410 regu-

300 1424 361 1466 las
382 1423 496 1479 sequi
519 1422 684 1471 debent,
713 1434 814 1477 quas
836 1418 907 1469 illi,
933 1417 1003 1475 qui
1034 1423 1179 1474 suopte
1209 1417 1383 1460 arbitrio
1415 1432 1491 1474 pro
1515 1433 1558 1461 se
1582 1423 1656 1461 aut
1679 1418 1769 1461 aliis

299 1489 408 1533 bella,
431 1487 669 1545 suscipiunt.

400 1556 481 1597 III.

359 1678 374 1694 ³
395 1672 459 1702 Sed
472 1674 500 1701 et
516 1668 677 1708 Socrates]
699 1669 793 1698 Plato
814 1668 846 1697 id
866 1677 924 1696 nos
945 1667 1003 1696 do-

301 1726 351 1753 cet
364 1725 395 1752 in
410 1723 508 1761 ipsius
522 1721 679 1760 Apoloqz‘a
689 1731 699 1750 .-
723 1720 821 1757 (Pag.
832 1719 870 1749 ‘29
882 1727 912 1748 c.
934 1717 999 1746 Ed.

301 1774 348 1803 H.
365 1772 491 1811 steph.)
528 1772 636 1811 [Adde
651 1770 757 1799 Lib.1.
772 1779 798 1799 ο.
815 1771 845 1806 4,
862 1768 916 1807 gl,
930 1770 1000 1797 n.3.

301 1823 351 1852 M.
372 1822 422 1860 T.]
465 1821 510 1851 Et
541 1820 743 1859 Apollonius,
777 1819 832 1857 qui
866 1818 1002 1847 Neronis

301 1873 416 1902 Edicto
431 1872 510 1900 inud
526 1870 736 1908 Sophocleum
752 1868 949 1906 opponebat:

336 1921 376 1947 Οὺ
395 1920 447 1954 γὰρ
465 1920 493 1946 τί
509 1929 557 1951 μοι
577 1919 641 1946 Ζεὺς
658 1916 692 1949 ἣν
710 1916 725 1942 ὸ
744 1916 860 1949 κηρύξας
878 1916 949 1941 τόδε.

332 1965 405 1990 Nam
420 1965 495 1995 jussa
513 1970 568 1987 uon
584 1962 641 1986 haec
659 1961 769 1991 Jupiter
785 1960 896 1984 dederat
911 1959 984 1983 mihi.

301 2018 414 2057 [Apud
426 2017 668 2049 Philostratum,
683 2014 754 2043 Lib.
767 2021 814 2042 IV.
825 2022 851 2042 c.
863 2013 912 2042 38.
935 2011 999 2041 Ed.

305 2068 410 2097 Olear.

360 2116 374 2137 b
394 2065 703 2145 liebraeorumeoestat
711 2111 878 2150 sententia]
898 2112 1000 2146 Quam

302 2170 335 2196 et
349 2165 512 2203 Josephus
531 2164 575 2193 eis
597 2163 711 2192 tribuit
729 2162 872 2200 Antiquae
888 2161 1000 2190 Histo-

302 2217 356 2245 riae
372 2223 460 2244 xvn.
482 2217 570 2252 (cap.
586 2212 637 2241 vii.
662 2212 678 2250 ἓ
696 2213 724 2241 3.
745 2211 891 2240 division.
907 2210 1001 2239 Hud-

302 2266 387 2299 son.)
409 2264 601 2302 θαυμαστὸν
624 2263 656 2291 δὲ
680 2262 770 2291 οὐδὲν
792 2262 819 2290 εἰ
843 2262 911 2290 τῶν
936 2262 1002 2290 σῶν

303 2315 479 2354 δογμάτων
506 2312 706 2351 ἀξιωτέρους
733 2310 939 2349 τετηρῆσθαι
965 2308 1001 2345 η’-

541 1556 567 1596 1
616 1553 673 1595 At
703 1551 737 1595 si
761 1550 936 1594 edicitur
964 1550 1063 1608 ipsis
1093 1555 1140 1592 ut
1164 1549 1354 1600 militent,
1390 1550 1501 1606 quod
1531 1549 1621 1592 fieri
1651 1549 1768 1603 solet,

1069 1665 1244 1695 κατέλιπε.
1265 1665 1347 1694 nihil
1359 1674 1431 1694 vero
1452 1665 1573 1701 mirum,
1595 1665 1625 1694 si
1645 1669 1769 1695 servata

1070 1717 1218 1754 cliqniora
1230 1716 1383 1745 credimus
1387 1716 1489 1753 jussis
1503 1717 1564 1745 tuis
1572 1727 1610 1746 ea
1618 1727 1684 1755 quse
1695 1717 1770 1746 Mo-

1069 1775 1117 1794 ses
1125 1766 1195 1794 Deo
1208 1769 1387 1804 suyqerente
1398 1775 1437 1795 ac
1451 1766 1575 1795 docente
1587 1767 1708 1805 scripta
1719 1776 1768 1796 re-

1069 1815 1171 1852 liquit.
1222 1815 1316 1844 Adde
1336 1815 1518 1844 Rabbinum
1542 1816 1770 1853 Tanchumam,

1070 1865 1188 1894 citante
1202 1865 1321 1893 Drusio
1336 1865 1376 1893 ad
1390 1865 1495 1893 locum
1509 1865 1681 1896 Actorum.

1128 1919 1141 1934 ⁰
1162 1915 1201 1943 In
1220 1913 1371 1951 Domino]
1394 1914 1639 1953 Chrysostomus
1657 1916 1717 1944 hoc
1737 1916 1770 1944 in

1071 1964 1208 1992 Domino
1228 1964 1272 1992 sic
1291 1964 1448 2001 explicat:
1464 1965 1646 1994 τουτέστιν
1668 1966 1702 1995 ἐν
1722 1966 1772 1995 οἷς

1068 2013 1114 2051 μή
1135 2013 1364 2052 ’προσκρούσῃς
1389 2014 1468 2051 Θεῷ·
1493 2014 1528 2042 id
1548 2017 1592 2043 est
1612 2015 1646 2043 in
1659 2015 1771 2053 quibus

1070 2064 1172 2093 Deum
1194 2064 1363 2102 ‹ffinsurus
1382 2073 1441 2092 non
1459 2074 1498 2094 es.
1545 2065 1632 2094 Idem
1657 2066 1697 2094 ad
1712 2075 1770 2104 pa-

1070 2116 1151 2142 trem
1176 2113 1353 2143 infidelem:
1389 2114 1499 2149 (Tom.
1525 2123 1572 2144 vx.
1600 2124 1674 2153 pag.
1699 2117 1767 2146 181.

1069 2163 1134 2192 Ed.
1153 2162 1275 2200 Savil.)
1298 2165 1333 2192 οὐ
1348 2163 1413 2202 γάρ
1429 2163 1466 2198 δή
1479 2165 1594 2203 μικρὸς
1612 2164 1687 2203 ἡμῖν
1701 2169 1768 2194 κεῖ-

1070 2224 1128 2241 ται
1166 2212 1281 2251 μισθὸς
1308 2216 1380 2242 τοῖς
1411 2214 1489 2242 τοὺς
1523 2214 1769 2252 γεγεννηκότας

1069 2263 1225 2299 τιμῶσιν,
1254 2262 1332 2291 ἀλλ’
1368 2262 1411 2291 αἶς
1449 2262 1617 2293 δεσπότας
1652 2265 1770 2294 αὐτοὺς

1070 2310 1223 2348 ἡγεῖσθαι
1261 2311 1473 2349 κελευόμεθα,
1508 2313 1602 2351 λόγῳ
1638 2325 1678 2342 τε
1713 2314 1768 2343 καὶ

303 2364 447 2403 γούμεθα
464 2363 579 2401 νόμους
593 2363 645 2390 οὓς
658 2361 799 2395 Μωῦσῆς
815 2360 1001 2398 ὑπαγορεύ-

304 2426 354 2443 σει
378 2413 432 2443 καὶ
455 2413 573 2451 διδαχῇ
598 2411 658 2440 τοῦ
680 2411 760 2439 θεοῦ
786 2409 1001 2448 γραψάμενος

1071 2360 1157 2399 ἔργῳ
1180 2360 1382 2398 θεραπεύειν,
1406 2362 1489 2391 ὅταν
1513 2363 1557 2401 μή
1580 2363 1618 2398 δή
1640 2363 1684 2393 ’τά
1707 2367 1768 2400 τῆς

1071 2411 1239 2448 Εὐσεβείας
1265 2411 1572 2449 παραβλάπτηται·
1602 2422 1662 2442 non
1689 2413 1768 2442 enim

305 2577 485 2611 CnAPTER
510 2574 655 2610 XXVI.
710 2574 769 2619 Of
791 2575 843 2608 the
859 2575 935 2620 just
960 2586 1076 2609 causes
1091 2575 1161 2621 for
1181 2575 1291 2609 which
1315 2575 1409 2609 War
1432 2586 1516 2620 may
1541 2575 1578 2608 be
1601 2574 1703 2608 made
1723 2575 1767 2619 by

579 2633 669 2666 those
688 2632 764 2665 who
784 2643 846 2666 are
866 2631 979 2665 under
1000 2632 1052 2666 tlte
1072 2633 1253 2677 authority
1274 2633 1321 2677 of
1333 2633 1491 2666 another.

370 2712 401 2745 I.
447 2711 516 2745 We
539 2709 632 2744 have
652 2709 798 2744 treated
819 2709 862 2743 of
879 2709 984 2744 those
1006 2709 1086 2744 who
1108 2721 1171 2744 are
1197 2710 1295 2744 their
1315 2720 1397 2744 own
1417 2712 1583 2743 masters.
1644 2708 1766 2743 There

303 2779 366 2801 are
396 2767 520 2801 others
552 2767 633 2801 who
660 2767 710 2812 by
730 2766 828 2800 their
854 2767 1044 2800 condition
1077 2777 1140 2800 are
1172 2766 1291 2801 under
1320 2766 1520 2811 authority,
1547 2776 1586 2800 as
1612 2776 1696 2800 sons
1728 2764 1772 2799 of

302 2824 469 2864 families,
485 2827 663 2865 servants,
682 2823 853 2868 subjeets,
881 2834 973 2858 even
988 2823 1191 2858 individual
1214 2824 1373 2865 citizens,
1398 2834 1437 2858 as
1458 2822 1658 2868 compared
1677 2820 1765 2856 with

303 2880 367 2914 the
388 2879 504 2914 whole
519 2880 620 2926 body
640 2880 683 2915 of
699 2880 796 2915 their
816 2881 901 2926 city.
