2018 3204
342 207 424 246 1541
622 214 691 248 DE
722 212 1011 248 FEDERIBUS
1044 211 1106 246 AC
1139 211 1527 266 SPONSIONIBUS.
1637 211 1734 256 [Lm.
1754 212 1805 247 11.

341 322 441 364 fines
462 322 571 364 nude
595 322 825 364 abnutivos.
890 320 1010 370 Quod
1035 319 1069 361 si
1095 320 1252 362 Lutatii
1277 320 1411 377 pactio
1436 320 1575 376 plures
1597 320 1809 364 habuisset

341 393 493 444 partos,
520 393 562 430 et
585 394 743 429 ceteras
767 392 907 443 partes
938 401 964 428 a
989 386 1085 441 jure
1109 387 1313 428 communi
1335 387 1534 429 abeuntes
1570 387 1809 430 observatas

341 468 367 495 a
390 453 588 496 Romanis
610 467 772 508 semper
795 458 1030 508 appareret,
1056 451 1143 507 jam
1176 452 1274 494 satis
1298 452 1416 494 firma
1440 458 1548 495 esset
1573 452 1810 510 conjectura.

340 520 528 576 probatae
552 518 762 574 pactionis.
1403 513 1405 516 Α

442 586 470 625 4
516 585 720 627 Restabat
752 583 817 625 hio
853 583 989 626 dicere
1013 583 1168 638 aliquid
1193 583 1244 625 de
1268 583 1535 639 pactionibus,
1562 599 1664 641 quas
1686 584 1809 627 duces

342 656 385 693 et
407 649 555 692 milites
573 665 654 692 non
673 651 725 692 de
749 665 796 691 eo
821 650 931 706 quod
954 649 1099 691 summi
1123 655 1186 692 est
1207 649 1381 704 imperii,
1402 651 1474 692 sed
1498 651 1549 692 de
1573 666 1619 693 re
1643 649 1823 707 privata¹

342 730 416 758 sua
439 722 511 757 aut
534 716 611 758 sibi
635 716 831 772 permissa
859 715 1039 758 faciunt:
1076 715 1149 757 sed
1181 715 1232 757 de
1264 715 1328 756 his
1363 716 1515 772 agendi
1539 715 1810 773 opportunior

343 781 423 824 erit
445 781 556 824 locus
580 781 650 825 ubi
670 782 724 824 ad
748 797 797 824 ea
820 797 913 837 quae
937 781 980 823 in
1003 781 1110 823 bello
1134 780 1323 823 accidunt
1346 788 1591 837 perventum
1616 782 1706 824 erit.

419 974 440 1004 4
470 970 506 1005 It
522 971 711 1005 remained
729 974 767 1005 to
786 974 882 1005 treat
900 971 942 1005 of
956 970 1019 1005 the
1039 971 1279 1005 conventions
1297 970 1416 1004 which
1434 969 1602 1016 generals
1620 969 1693 1004 and
1712 980 1813 1004 com-

345 1027 518 1062 manders
544 1028 586 1062 of
608 1029 741 1062 armies
763 1029 883 1069 make,
911 1032 978 1062 not
995 1028 1220 1073 concerning
1245 1027 1413 1073 political
1435 1032 1601 1068 matters,
1622 1027 1691 1061 but
1715 1027 1813 1061 their

346 1095 428 1118 own
444 1085 685 1130 proceedings
703 1085 775 1119 and
796 1085 982 1119 business:
1011 1085 1079 1119 but
1096 1096 1149 1119 we
1168 1085 1261 1119 shall
1278 1084 1372 1119 have
1390 1096 1412 1119 a
1428 1085 1552 1119 better
1570 1084 1814 1130 opportunity

346 1141 389 1175 of
411 1142 614 1187 discussing
635 1142 707 1177 this
724 1143 762 1176 in
782 1142 944 1187 treating
965 1142 1007 1176 of
1024 1142 1087 1177 the
1109 1142 1207 1176 rules
1230 1142 1273 1176 of
1289 1142 1389 1176 War.
