2018 3204
125 997 156 1020 L.
170 995 206 1019 16.
226 995 238 1025 ξ
251 996 273 1019 4.
288 996 322 1019 D.

122 1027 156 1050 de
168 1026 271 1049 Minor.

123 1058 155 1080 L.
169 1057 206 1079 22.
223 1056 235 1086 ,ξ
242 1058 267 1086 s.
282 1057 317 1080 D.

123 1086 228 1111 Loculi.

122 1381 132 1405 l
147 1382 207 1406 Cor.
222 1381 259 1405 xi.
272 1381 310 1406 14.

116 1641 173 1665 xiii.
190 1642 211 1666 l.

342 149 397 187 80
821 154 890 189 DE
922 153 1321 189 CONTRACTIBUS.
1645 153 1741 198 [Lm.
1754 156 1804 190 ΙΙ.

343 261 562 317 impendia,
588 262 775 305 ferantur
808 277 834 304 a
865 262 1038 304 dominis
1070 262 1234 303 navium
1263 268 1306 304 et
1337 261 1530 303 mercium
1556 264 1663 317 npro
1687 268 1808 317 parte

343 342 466 382 qua-m
507 329 661 370 habent
697 328 739 369 in
774 343 823 370 ca
857 341 1027 368 summa.
1098 329 1154 369 Et
1189 328 1277 369 haec
1312 327 1489 382 quidem,
1514 340 1606 382 quae
1630 326 1808 368 diximus

342 393 552 440 haetenus,
577 393 654 448 ipsi
672 393 758 448 juri
782 399 942 434 naturae
966 398 1061 433 sunt
1085 398 1366 434 consentanca.

444 459 603 500 XXVI.
677 462 700 498 1
748 459 789 498 N
792 473 836 499 ec
859 458 901 498 in
925 457 989 498 his
1009 457 1105 512 jure
1129 457 1312 514 gentium
1337 456 1568 499 voluntario
1591 456 1808 512 quicquam

342 528 545 565 mutatum
581 528 782 577 apparet:
824 537 904 564 uno
937 528 1121 578 excepto,
1159 523 1268 577 quod
1298 523 1556 578 inaequalitas
1591 537 1731 564 rerum
1764 523 1808 563 in

345 602 468 642 quam
510 602 749 629 consensum
787 593 864 637 est,
907 587 1002 629 ⁵ubi
1038 601 1113 628 nec
1152 587 1406 629 mendacium
1447 587 1690 637 intercessit,
1731 602 1807 629 nec

346 652 433 708 ejus
458 653 568 708 quod
594 653 748 694 dictum
773 652 955 709 oportuit
989 653 1217 702 reticentia,
1255 653 1297 694 in
1331 653 1556 695 actionibus
1592 652 1807 695 exteriori-

341 718 418 760 bus
449 732 524 774 pro
561 718 796 773 aequalitate
827 718 1032 760 habetur:
1063 717 1121 760 ita
1145 724 1191 760 ut
1214 719 1417 773 quomodo
1435 718 1531 773 jure
1561 718 1668 760 civili
1708 724 1807 760 ante

342 783 673 825 constitutionem
710 783 957 825 Diocletiani
991 783 1097 825 actio
1133 783 1175 824 in
1205 783 1296 824 foro
1314 783 1426 825 nulla
1457 784 1635 825 dabatur
1658 784 1807 826 adver-

342 864 410 890 sus
450 849 576 891 talem
613 849 947 904 inaequalitatem,
983 848 1042 891 ita
1076 863 1151 890 nec
1186 848 1295 891 inter
1319 863 1388 890 eos
1412 849 1482 904 qui
1499 849 1596 905 jure
1621 848 1807 905 gentium

342 915 427 956 solo
459 914 666 957 sociantur
702 914 862 956 exactio
899 920 972 956 aut
1005 914 1159 956 coactio
1190 914 1243 956 sit
1271 929 1319 955 eo
1340 914 1514 956 nomine.
1579 914 1674 955 Hoc
1699 914 1807 955 enim

343 986 405 1022 est
442 980 552 1035 quod
588 980 646 1022 ait
685 980 946 1035 Pomponius,
991 979 1034 1020 in
1073 980 1207 1035 pretio
1246 979 1491 1022 venditionis
1532 985 1574 1022 et
1617 978 1807 1021 emtionis

342 1045 586 1087 naturaliter
609 1045 734 1087 licere
763 1060 806 1087 se
834 1051 976 1087 mutuo
1007 1044 1329 1087 circumvenire:
1365 1045 1434 1087 ubi
1469 1045 1593 1087 licere
1629 1050 1692 1086 est
1724 1059 1807 1086 non

341 1111 506 1166 quidem
533 1111 595 1152 fas
627 1126 728 1160 esse,
765 1111 838 1152 sed
872 1110 931 1152 ita
960 1110 1145 1166 permitti
1173 1116 1220 1152 ut
1250 1110 1406 1152 nullum
1430 1116 1574 1152 contra
1597 1110 1807 1166 proditum

340 1176 394 1218 sit
417 1176 642 1217 remedium
666 1176 707 1217 in
731 1191 823 1217 eum
848 1175 917 1231 qui
940 1190 984 1217 se
1009 1182 1129 1231 pacto
1153 1175 1253 1218 velit
1282 1176 1515 1218 defendere.

443 1243 470 1283 2
511 1241 792 1284 ⁰Naturaliter
814 1247 953 1282 autem
978 1255 1025 1282 eo
1050 1241 1091 1282 in
1114 1241 1217 1290 loco,
1242 1246 1288 1282 ut
1313 1247 1355 1283 et
1374 1241 1472 1283 alibi
1493 1241 1713 1290 interdum,
1733 1255 1806 1297 po-

340 1306 463 1348 situm
490 1313 553 1349 est
576 1322 651 1362 pro
673 1322 722 1348 eo
746 1306 856 1362 quod
876 1306 1031 1362 recepti
1056 1306 1205 1362 passim
1221 1306 1346 1348 moris
1369 1313 1448 1348 est:
1473 1307 1676 1362 quomodo
1694 1307 1807 1362 apud

339 1372 581 1429 Apostolum
625 1372 800 1413 Paulum
840 1371 928 1426 ipsa
971 1376 1121 1413 natura
1167 1371 1314 1413 docere
1359 1371 1509 1413 dicitur
1555 1371 1644 1414 viro
1682 1377 1805 1427 turpe

338 1451 426 1478 esse
457 1451 613 1479 comam
648 1437 773 1485 alere,
806 1451 897 1478 cum
921 1442 1059 1478 tamen
1090 1436 1133 1478 id
1162 1451 1296 1492 neque
1326 1443 1531 1494 repugnet
1562 1442 1736 1487 naturae,
1762 1443 1805 1479 et

339 1502 489 1544 multos
511 1502 623 1558 apud
644 1502 816 1558 populos
839 1501 1035 1543 usitatum
1058 1501 1121 1543 sit.
1181 1502 1249 1543 Sic
1283 1501 1484 1544 idolorum
1508 1502 1698 1551 cultores,
1722 1517 1805 1544 non

336 1574 475 1610 autem
507 1567 672 1623 quosvis
695 1568 879 1609 homines
915 1565 1047 1625 φύσει
1071 1568 1293 1617 ματαίους,
1318 1567 1361 1609 id
1384 1573 1459 1618 est,
1485 1576 1650 1610 natura
1671 1583 1804 1611 vanos

335 1634 517 1690 appellat
559 1633 737 1689 scriptor
778 1633 874 1674 libri
922 1632 1159 1688 Sapientiae,
1203 1638 1245 1675 et
1297 1630 1431 1677 τέκνα
1480 1630 1612 1695 φύσει
1663 1632 1801 1694 ὀργῆς

395 1743 409 1757 ¹¹
431 1738 500 1767 Pro
512 1741 605 1776 parte
620 1748 713 1776 quam
728 1738 839 1767 habent
854 1738 886 1766 in
901 1747 938 1766 ea
952 1747 1034 1766 sum·
1103 1747 1174 1776 cap.
1189 1738 1218 1766 3.
1239 1737 1257 1776 ξ
1273 1737 1301 1768 9.
1343 1737 1378 1766 J.
1394 1737 1436 1767 B.

334 1786 401 1825 ma]
431 1787 513 1816 Vide
535 1788 635 1816 simile
659 1788 689 1815 in
712 1788 732 1815 1.
758 1787 1036 1825 Xl'isigotthorum,
1161 1793 1175 1807 ⁰
1196 1787 1403 1815 Naturaliter
1420 1789 1522 1815 autem
1543 1796 1577 1815 eo
1599 1787 1632 1815 in
1646 1786 1727 1825 loco]
1751 1788 1803 1816 Sic

335 1835 433 1864 Libro
448 1844 482 1866 v,
498 1836 548 1865 tit.
563 1846 592 1864 V.
609 1845 635 1865 c.
651 1838 680 1865 5.
1104 1836 1238 1872 Gellius,
1257 1836 1328 1865 Lib.
1346 1844 1398 1865 IX.
1417 1845 1443 1865 c.
1458 1837 1508 1865 10.
1530 1836 1567 1865 de
1581 1836 1666 1865 Actu
1685 1836 1802 1873 Conju-

398 1885 410 1902 ⁵
433 1885 552 1914 Confer
575 1885 643 1913 heic
667 1885 943 1914 Pnrmnormm
963 1894 1036 1913 nos·
1101 1886 1190 1923 qali:
1215 1894 1278 1913 rem
1292 1888 1415 1914 naturae
1429 1886 1493 1923 leqe
1507 1886 1719 1922 operiendam.

337 1939 433 1972 trum,
455 1936 508 1965 De
529 1935 610 1965 Jure
631 1935 710 1965 Nat.
736 1939 764 1965 et
789 1935 880 1965 Gent.
908 1935 979 1964 Lib.
1002 1943 1033 1964 v.
1160 1933 1173 1950 ⁶
1195 1934 1272 1963 Post
1295 1934 1429 1971 primam
1446 1934 1537 1963 istius
1554 1935 1669 1972 Operis
1690 1943 1802 1964 recen-

336 2103 415 2137 tion
434 2102 499 2137 the
516 2102 628 2137 losses
645 2100 765 2136 which
783 2101 869 2135 take
889 2100 1006 2146 place,
1027 2111 1163 2145 among
1180 2099 1298 2134 which
1319 2110 1382 2134 are
1399 2098 1464 2134 the
1484 2109 1661 2143 expenses
1679 2098 1722 2133 of
1735 2098 1801 2133 the

335 2159 519 2194 wounded
539 2170 636 2200 men,
661 2169 798 2203 among
819 2157 884 2192 the
911 2168 1051 2192 owners
1073 2157 1116 2191 of
1132 2156 1196 2191 the
1217 2156 1317 2202 ships
1338 2156 1411 2190 and
1433 2166 1582 2200 cargoes
1603 2155 1801 2200 according

336 2220 376 2251 to
393 2216 491 2250 their
506 2215 725 2261 proportion
743 2215 786 2249 of
801 2214 884 2249 that
904 2225 997 2248 sum.
1047 2213 1133 2247 And
1153 2213 1252 2248 what
1279 2223 1332 2248 we
1352 2212 1446 2247 have
1466 2211 1630 2246 hitherto
1651 2212 1730 2246 said
1751 2222 1800 2245 on

336 2272 410 2307 this
431 2272 573 2316 subject
594 2273 624 2306 is
644 2271 839 2316 agreeable
859 2275 898 2305 to
919 2270 1080 2305 Natural
1100 2271 1198 2304 LaW.

412 2329 557 2362 XXVI.
601 2333 618 2362 1
650 2329 732 2362 Nor
752 2329 791 2361 in
810 2327 915 2362 these
932 2331 1086 2361 matters
1103 2327 1133 2361 is
1154 2325 1333 2372 anything
1354 2325 1521 2370 changed
1540 2325 1590 2371 by
1610 2324 1674 2359 the
1693 2325 1798 2358 insti-

336 2385 442 2420 tuted
460 2386 547 2419 Law
564 2385 607 2419 of
618 2385 656 2419 N
658 2385 797 2425 ations3
828 2384 1024 2429 excepting
1040 2383 1112 2418 this
1130 2384 1228 2429 only,
1248 2382 1330 2416 that
1346 2383 1380 2416 if
1395 2393 1443 2416 an
1459 2382 1663 2427 inequality
1680 2381 1723 2415 of
1734 2381 1800 2416 the

336 2442 607 2477 contributions
624 2442 671 2476 be
692 2440 827 2486 agreed
847 2452 960 2486 upon,
980 2440 1064 2481 this,
1081 2439 1204 2474 where
1221 2439 1326 2473 there
1346 2439 1377 2473 is
1400 2438 1545 2473 neither
1564 2438 1657 2472 false
1677 2438 1799 2472 decla-

336 2500 459 2533 ration
479 2509 548 2533 nor
567 2499 752 2532 reticence
781 2498 824 2531 of
844 2497 942 2531 what
971 2496 1086 2541 ought
1107 2501 1146 2530 to
1170 2496 1263 2529 have
1284 2495 1378 2530 been
1399 2495 1488 2536 said,
1518 2495 1547 2529 is
1571 2495 1611 2528 in
1638 2495 1800 2529 exterior

336 2556 477 2590 actions
496 2555 583 2589 held
601 2555 660 2589 for
680 2554 854 2599 equality.
916 2553 1000 2587 And
1018 2553 1115 2594 thus,
1136 2564 1175 2586 as
1196 2553 1245 2598 by
1261 2551 1325 2586 the
1344 2553 1437 2586 Civil
1457 2553 1543 2586 Law
1563 2551 1692 2586 before
1708 2551 1799 2586 Dio-

336 2612 472 2646 cletian
498 2611 603 2647 there
623 2622 696 2646 was
716 2622 764 2645 no
786 2611 911 2645 action
931 2610 1060 2644 before
1080 2620 1102 2643 a
1123 2613 1229 2644 court
1246 2609 1288 2643 of
1304 2609 1372 2643 law
1392 2609 1453 2643 for
1472 2608 1563 2643 such
1582 2608 1797 2653 inequality,

336 2679 376 2703 so
398 2680 480 2703 now
500 2679 636 2713 among
656 2667 762 2702 those
783 2667 864 2701 who
885 2678 948 2701 arc
970 2666 1175 2701 connected
1195 2666 1282 2711 only
1306 2666 1355 2711 by
1376 2665 1441 2700 the
1461 2666 1547 2699 Law
1569 2665 1612 2699 of
1627 2665 1797 2705 Nations,

335 2724 442 2759 there
463 2727 493 2759 is
517 2736 566 2759 no
592 2725 753 2759 demand
783 2735 825 2758 or
859 2723 1089 2769 compulsion
1120 2723 1275 2758 allowed
1297 2734 1345 2757 on
1371 2722 1454 2757 that
1478 2725 1647 2756 account.
1709 2720 1797 2754 This

337 2791 464 2824 agrees
492 2781 580 2815 with
607 2781 705 2816 what
725 2781 952 2826 Pomponius
981 2791 1074 2826 says,
1103 2779 1186 2814 that
1211 2780 1249 2813 in
1275 2779 1340 2813 the
1365 2780 1466 2824 price
1495 2778 1537 2812 of
1565 2778 1696 2821 selling
1722 2776 1797 2810 and

337 2835 486 2880 buying,
516 2838 544 2871 it
574 2838 603 2871 is
624 2838 810 2883 naturally
838 2837 994 2871 allowed
1022 2841 1061 2871 to
1085 2848 1170 2871 men
1195 2840 1235 2871 to
1266 2836 1494 2870 circumvent
1524 2845 1594 2868 one
1619 2832 1793 2867 another:

337 2891 459 2926 where
481 2893 628 2927 allowed
645 2905 784 2935 means,
810 2898 877 2929 not
897 2893 979 2928 that
999 2894 1028 2928 it
1048 2894 1078 2928 is
1094 2892 1205 2938 right,
1230 2892 1298 2927 but
1324 2892 1406 2927 that
1428 2891 1533 2925 there
1553 2890 1583 2924 is
1604 2888 1694 2924 such
1711 2900 1797 2935 per-
