2018 3204
164 144 253 180 CAP.
273 143 438 188 XXIII]
643 146 710 180 DE
743 145 920 181 CAUSIS
950 146 1137 182 DUBIIS.
1540 143 1624 186 397

164 254 269 298 teria
288 254 396 297 omni
415 253 567 297 formas
586 260 791 311 separant,
811 259 852 297 et
870 254 965 310 quia
985 254 1128 296 formae
1145 253 1244 310 ipsae
1263 253 1365 297 tales
1384 255 1624 314 plerumque

164 327 271 371 sunt,
303 324 373 363 aut
396 321 496 362 nihil
519 321 699 362 habeant
721 320 992 376 interjectum,
1026 320 1128 362 sicut
1151 320 1258 362 inter
1282 327 1439 364 rectum
1464 329 1506 366 et
1533 339 1623 366 cur-

165 401 259 428 vum
294 386 395 428 nihil
427 391 489 428 est
515 386 653 430 medii.
720 386 798 428 ¹At
831 386 872 427 in
904 386 1124 427 moralibus
1156 386 1468 430 circumstantiae
1501 389 1624 431 etiam

165 452 341 493 minimae
364 451 526 494 variant
548 451 773 499 materiam,
799 457 841 493 et
863 451 1019 500 formae,
1045 451 1097 492 de
1124 451 1269 507 quibus
1290 453 1440 510 agitur,
1464 449 1624 497 bsolent:

164 517 319 559 habere
361 516 619 572 interjectum
654 516 818 571 aliquid,
861 531 910 557 ea
943 516 1171 568 latitudine,
1208 523 1255 559 ut
1290 519 1409 561 modo
1443 520 1497 562 ad
1533 521 1623 570 hoc,

165 583 284 624 modo
308 583 361 625 ad
384 582 485 624 illud
508 587 736 623 extremum
758 581 925 637 propius
948 582 1176 624 accedatur.
1230 583 1298 625 Ita
1322 584 1427 626 enim
1452 586 1560 628 inter
1582 586 1625 628 id

165 648 274 703 quod
297 648 386 689 fieri
409 652 584 704 oportet,
621 653 663 689 et
685 647 792 688 inter
815 647 856 689 id
881 647 990 702 quod
1013 647 1102 688 fieri
1126 648 1240 690 nefas
1263 655 1336 698 est,
1362 651 1539 693 medium
1563 657 1626 694 est

165 714 274 769 quod
298 713 407 763 licet,
440 713 512 755 sed
535 713 654 754 modo
682 712 789 762 huic,
825 713 945 754 modo
969 713 1026 754 illi
1057 713 1166 769 parti
1189 715 1480 771 propinquius:
1516 718 1626 759 unde

164 779 411 836 ambiguitas
434 793 542 835 saepe
565 778 719 827 incidit,
752 784 799 820 ut
821 779 863 819 in
894 779 1142 835 crepusculo,
1179 786 1251 821 aut
1273 780 1315 821 in
1343 796 1451 838 aqua
1473 782 1626 840 frigida

165 845 401 887 calescente.
465 846 521 886 Et
554 845 630 886 hoc
660 850 734 894 est,
771 844 880 899 quod
909 844 968 887 ait
1002 844 1257 895 Aristoteles,
1291 842 1391 890 ἔστι
1423 847 1624 908 χαλεπὸν

165 907 306 954 ἐνίοτε
335 908 390 953 “rox
428 911 580 971 κρίνειν
609 911 735 953 ποῖον
758 908 855 953 ἀντι
887 910 1009 954 ποίου
1034 908 1243 970 αἱρετέον·
1276 914 1383 967 quid
1406 916 1477 955 cui
1507 923 1624 957 ante-

158 978 402 1031 ponendum
425 978 494 1025 sit,
520 977 707 1031 defficilis
731 991 839 1031 δαέρα
862 984 922 1018 est
935 977 1167 1030 judicatio.
1205 976 1462 1020 Andronicus
1486 986 1624 1022 autem

165 1042 378 1083 Rhodius:
404 1040 459 1085 τό
479 1040 571 1086 κατ’
589 1039 797 1093 ἀλήθειαν
820 1036 975 1085 δίκαιον
999 1036 1204 1101 δυσχερές
1229 1039 1328 1086 ἐστι
1353 1047 1433 1087 τοῦ
1459 1039 1622 1089 δοκοῦν-

165 1125 238 1152 τος
263 1102 432 1151 διελεῖν·
452 1108 621 1163 (Zzfficz‘le
643 1116 703 1149 cst
726 1109 786 1157 id,
812 1109 928 1162 quod
951 1122 1044 1150 vere
1057 1108 1224 1161 justum
1248 1116 1320 1159 est,
1346 1111 1401 1151 ab
1425 1125 1482 1162 eo,
1508 1113 1624 1167 quod

166 1175 253 1215 tale
276 1175 457 1222 videtur,
483 1175 729 1215 discernere.

265 1239 323 1280 II;
381 1241 404 1280 1
452 1238 634 1280 Primum
666 1244 802 1280 autem
834 1237 934 1280 illud
967 1243 1029 1281 est
1060 1240 1295 1290 tenendum,
1332 1241 1488 1285 etiamsi
1525 1243 1624 1299 quid

159 1303 312 1360 justum
332 1303 467 1360 reipsa
490 1309 563 1353 est,
583 1304 655 1346 sed
679 1304 730 1346 ab
753 1319 800 1346 eo
824 1304 882 1354 fit,
902 1303 983 1359 qui,
1003 1305 1189 1347 omnibus
1212 1307 1411 1362 expensis,
1431 1308 1625 1364 injustum

163 1370 207 1411 id
229 1369 449 1419 existimat,
485 1377 618 1412 actum
656 1384 743 1411 esse
767 1370 967 1411 vitiosum.
1031 1371 1124 1411 Hoc
1156 1371 1262 1412 enim
1285 1379 1359 1422 est,
1396 1375 1504 1429 quod
1529 1375 1626 1417 dicit

165 1436 317 1477 Paulus
351 1436 584 1491 Apostolus,
619 1435 811 1490 quicquid
847 1450 929 1477 non
963 1435 1008 1477 fit
1045 1451 1096 1477 ex
1133 1436 1226 1485 fide,
1264 1445 1475 1493 peccatum
1511 1455 1623 1484 esse:

165 1504 266 1556 cquo
297 1500 339 1542 in
360 1501 445 1542 loco
470 1501 570 1543 fides
597 1501 720 1542 animi
740 1501 938 1557 judicium
967 1501 1019 1542 de
1046 1516 1092 1542 re
1120 1501 1331 1559 significat.
1401 1506 1510 1547 Nam
1542 1507 1625 1549 vim

158 1566 442 1622 judicatricem
466 1566 652 1607 humanis
675 1566 901 1609 actionibus
924 1566 1068 1609 ducem
1093 1568 1207 1609 Deus
1230 1569 1401 1621 addidit,
1426 1586 1508 1627 qua
1532 1587 1625 1615 con-

165 1638 294 1675 temta
315 1632 565 1674 obbrutescit.
587 1631 757 1674 animus.

164 1748 260 1783 illius,
276 1748 366 1778 Tem.
385 1757 437 1779 111.
452 1758 483 1787 p.
499 1750 567 1779 844.
583 1749 673 1778 Edit.
690 1748 804 1786 Sat-il]

222 1804 237 1820 θ
261 1799 328 1837 Quo
344 1799 375 1827 in
390 1799 540 1837 locofides
553 1799 812 1835 animijudicium
826 1799 863 1827 cle

163 1857 198 1877 re
211 1847 382 1886 siqmficat]
413 1847 534 1877 Eodem
550 1849 685 1877 tendunt
704 1849 734 1876 in
753 1849 861 1877 eadem

164 1898 255 1927 Pauli
276 1898 409 1936 epistola
430 1898 537 1927 eodem
560 1898 662 1936 capite
683 1898 744 1927 ista
764 1897 859 1937 (vers.

163 1947 198 1986 5)
221 1948 361 1976 ἕκαστος
382 1947 415 1976 ὲν
441 1948 489 1985 τῷ
513 1948 581 1985 ἰδίῳ
608 1948 657 1977 νοῒ
685 1947 862 1986 πληροφο-

163 1995 293 2034 ρείσθω·
315 1995 521 2034 unusquisque
535 1996 585 2024 sui
598 2005 702 2024 sensus
715 1996 776 2025 sihi
797 2005 862 2025 cer-

929 1751 978 1779 tor
997 1759 1056 1779 non
1077 1753 1133 1781 est.
1172 1751 1375 1783 Ambrosius:
1390 1758 1552 1792 peccatum
1573 1759 1627 1794 est,

929 1799 1014 1837 quod
1031 1800 1174 1838 aliierfit
1189 1811 1282 1839 quam
1292 1803 1460 1840 probatum
1475 1809 1527 1835 esi.
1569 1807 1626 1836 Se-

930 1849 1038 1886 quitur
1053 1850 1272 1888 Augustinus:
1295 1852 1383 1881 citati
1397 1855 1490 1883 ambo
1507 1864 1526 1883 a
1544 1856 1626 1885 Gra-

929 1898 1016 1926 tiano
1037 1903 1109 1936 post
1131 1908 1199 1937 cap.
1222 1902 1269 1937 14,
1291 1910 1384 1931 causa
1404 1904 1453 1933 28.
1469 1908 1578 1941 quaest.
1597 1907 1625 1935 1.

930 1948 1002 1977 Non
1017 1948 1112 1986 longe
1133 1949 1205 1978 hinc
1225 1950 1291 1980 abit
1312 1952 1390 1981 illud
1411 1953 1574 1983 Plutarchi
1593 1956 1627 1984 in

935 1997 1121 2028 Timoleonte
1134 2009 1143 2027 .·
1177 2000 1226 2028 δεῖ
1246 2002 1281 2029 οὺ
1299 2001 1397 2038 μόνον
1418 2003 1481 2037 τήν
1501 2004 1627 2043 ’πρᾶξιν

163 2048 212 2075 tus
234 2045 283 2075 sii.
335 2045 378 2074 Et
406 2045 496 2083 (vers.
522 2045 573 2082 22)
597 2044 753 2083 μακάριος
780 2046 796 2074 ὀ
820 2045 863 2083 μή

165 2095 282 2132 κρίνων
305 2094 423 2124 ἑαυτὸν
449 2095 482 2124 ὲν
504 2094 528 2133 ᾧ
551 2094 736 2133 δοκιμάζει·
757 2096 864 2125 beatus

931 2048 1014 2076 εἶναι
1030 2047 1134 2080 καλήν
1149 2049 1201 2077 καὶ
1218 2049 1355 2088 δικαίαν,
1378 2051 1470 2081 eima*
1491 2055 1544 2082 καὶ
1565 2054 1628 2089 τήν

930 2097 1030 2135 δόξαν
1053 2097 1113 2135 ἀφ’
1139 2097 1173 2133 ἧς
1199 2098 1394 2135 πράττεται
1419 2101 1553 2141 μόνιμον
1573 2106 1627 2134 καὶ

163 2143 226 2181 ille,
241 2144 306 2183 qui,
322 2144 553 2183 quodpraefirt,
569 2144 600 2172 in
614 2153 648 2173 eo
663 2144 712 2173 sui
733 2145 864 2174 damna-
929 2145 1190 2185 ἀμετάπτωτον,
1205 2148 1257 2176 ἵνα
1272 2148 1476 2189 πράττωμεν
1495 2153 1628 2191 δοκιμά-

166 2285 376 2321 sometimes
398 2290 437 2320 to
465 2285 529 2321 the
550 2297 630 2329 one,
652 2281 724 2322 and
743 2288 954 2324 sometimes
976 2292 1014 2323 to
1031 2274 1095 2324 the
1112 2289 1240 2325 other:
1272 2290 1423 2327 whence
1443 2304 1490 2327 an
1507 2295 1625 2330 ambi-

166 2343 270 2388 guity
291 2342 394 2377 often
423 2343 526 2378 takes
552 2344 669 2389 place,
690 2345 764 2379 like
784 2345 940 2391 twilight
960 2346 1127 2381 between
1153 2347 1225 2393 day
1245 2348 1317 2383 and
1342 2349 1458 2395 night,
1480 2362 1522 2385 οι·
1542 2353 1626 2387 cold

167 2404 280 2433 water
309 2399 501 2445 gradually
527 2400 673 2436 heated.
735 2402 819 2436 And
849 2402 922 2437 this
950 2403 980 2437 is
1007 2403 1105 2438 what
1125 2404 1301 2439 Aristotle
1322 2417 1414 2451 says,
1435 2407 1516 2442 that
1541 2409 1570 2443 it
1595 2410 1625 2444 is

167 2455 272 2490 often
293 2455 445 2490 difficult
465 2460 504 2491 to
526 2456 654 2492 decide
676 2458 794 2493 which
821 2460 865 2494 of
887 2463 959 2494 two
984 2459 1107 2506 things
1128 2461 1157 2496 is
1179 2465 1218 2495 to
1238 2461 1284 2497 bo
1309 2463 1500 2508 preferred
1513 2458 1525 2499 :¹
1548 2466 1624 2501 and

167 2523 207 2548 so
228 2512 459 2546 Andronicus
476 2513 652 2549 Rhodius.

239 2569 289 2603 11.
343 2573 360 2603 1
394 2569 437 2602 In
464 2569 527 2604 tho
547 2571 627 2605 first
649 2572 765 2617 place,
792 2572 866 2607 this
887 2573 916 2608 is
943 2574 1082 2608 certain
1106 2571 1159 2619 [as
1185 2586 1206 2609 a
1226 2576 1331 2621 point
1359 2576 1403 2611 of
1425 2576 1628 2624 morality],

169 2625 251 2661 that
271 2625 304 2659 if
319 2625 498 2671 anything
518 2627 565 2661 be
580 2629 658 2671 just
679 2629 716 2661 in
738 2629 846 2670 itself,
864 2634 925 2675 yet
946 2630 977 2663 if
997 2631 1024 2664 it
1039 2631 1086 2665 be
1104 2632 1200 2667 done
1218 2633 1266 2678 by
1286 2633 1363 2666 him
1380 2634 1472 2675 who,
1491 2634 1628 2682 having

170 2682 413 2728 deliberately
433 2683 609 2728 weighed,
631 2685 755 2719 thinks
783 2686 811 2720 it
833 2688 968 2731 unjust,
988 2686 1051 2721 the
1073 2693 1133 2722 act
1157 2689 1187 2723 is
1208 2690 1366 2725 vicious:
1397 2702 1436 2725 as
1464 2692 1507 2726 St
1532 2693 1628 2727 Paul

169 2750 262 2785 says,
283 2738 364 2773 that
383 2739 608 2775 whatsoever
624 2741 653 2776 is
674 2746 739 2775 not
760 2743 802 2776 of
820 2743 912 2777 saith
931 2744 960 2777 is
981 2743 1057 2785 sin3
1079 2745 1117 2778 in
1135 2745 1253 2780 which
1270 2746 1375 2791 place
1389 2748 1491 2793 saith
1514 2749 1627 2794 signi-

169 2796 235 2831 fies
256 2795 321 2830 the
336 2796 533 2842 judgment
550 2797 592 2832 of
609 2797 672 2833 the
690 2798 791 2833 mind
809 2800 1032 2845 concerning
1052 2801 1115 2835 the
1136 2806 1204 2836 act.
1244 2803 1318 2836 For
1337 2803 1419 2837 God
1435 2804 1500 2840 has
1518 2807 1627 2850 given

170 2864 213 2887 us
231 2852 294 2887 the
314 2863 438 2898 power
463 2853 505 2887 of
526 2855 693 2900 judging,
720 2866 758 2889 as
780 2855 843 2890 the
862 2857 974 2902 guide
995 2858 1038 2892 of
1060 2857 1198 2894 human
1223 2860 1386 2902 aetions;
1412 2862 1484 2896 and
1506 2862 1538 2896 if
1554 2863 1629 2899 this

172 2909 219 2945 be
237 2909 418 2955 despised,
439 2909 502 2946 the
520 2911 622 2947 mind
642 2913 670 2947 is
687 2912 872 2948 brutificd.

1642 861 1679 886 iii.
1695 861 1754 886 Nic.
1769 862 1790 887 1.

1644 1057 1761 1088 Pamph.
1776 1058 1792 1081 i.
1805 1059 1830 1084 3.

1641 1097 1667 1121 p.
1682 1089 1718 1113 10.

1644 1450 1720 1475 Rom.
1733 1450 1788 1474 xiv.
1801 1449 1843 1475 23.
