2018 3204
148 906 208 930 Lib.
222 906 241 930 i.
251 906 289 930 39.
303 908 331 930 et

147 937 175 960 ii.
185 938 223 960 32.
232 938 264 961 de
274 937 350 961 Orat.

150 969 247 992 Bruto.
260 974 283 991 c.
296 968 336 996 52,

149 1000 188 1022 53.

149 1043 213 1074 Cap.
229 1042 268 1066 20.

360 189 443 233 176
790 195 857 229 DE
888 191 1338 229 INTERPRETATION
1342 193 1386 228 E.
1658 189 1820 235 [L113.11.

461 308 488 349 3
530 303 776 361 Exemplum
795 303 847 345 sit
867 302 931 344 ain
950 302 1149 359 pactione,
1169 317 1221 344 ne
1239 302 1327 359 quis
1345 302 1456 344 locus
1475 301 1600 343 muris
1621 300 1825 359 cingatur,

365 374 476 416 facta
493 387 540 414 eo
558 378 743 427 tempore
767 385 858 411 cum
876 383 957 411 non
980 369 1092 410 aliud
1110 374 1216 410 essct
1235 368 1442 410 muniendi
1461 382 1602 424 genus
1649 369 1692 410 Is
1715 368 1826 410 locus

363 454 416 481 ne
440 452 596 496 aggere
618 436 782 492 quidem
802 434 909 492 cingi
932 434 1097 490 poterit,
1123 434 1157 475 si
1180 434 1276 476 satis
1295 439 1452 476 constet
1473 433 1717 490 prohibendi
1740 449 1827 476 mu-

364 518 433 546 ros
456 504 615 545 unicam
647 502 771 543 fuisse
795 515 956 542 causam
980 514 1033 541 ne
1061 499 1290 542 muniretur
1313 500 1347 541 is
1375 500 1497 542 locus
1562 499 1700 557 Vulgo
1724 500 1827 543 solet

365 569 597 624 exemplum
622 567 778 609 adferri
801 567 852 608 de
876 565 1119 616 conditione,
1156 565 1190 606 si
1213 566 1453 622 posthumus
1477 565 1529 608 sit
1552 572 1749 616 mortuus,
1774 566 1827 608 ab

366 650 415 677 eo
450 634 603 691 scripta
637 633 707 689 qui
741 633 1003 689 posthumum
1039 631 1201 673 omnino
1237 632 1513 688 exspectabat,
1549 637 1597 673 ut
1627 631 1829 674 sententia

366 699 640 757 dispositionis
663 699 915 755 producatur
944 697 998 739 ad
1022 712 1114 738 eum
1139 711 1289 746 casum,
1327 697 1359 738 si
1383 697 1416 738 is
1439 698 1680 753 posthumus
1709 703 1829 740 natus

366 781 448 809 non
472 772 591 816 esset,
616 765 712 821 quia
736 770 894 806 constet
912 763 1165 805 voluntatem
1188 762 1390 818 loquentis
1413 768 1565 804 motam
1589 763 1712 805 fnisse
1736 778 1828 805 con-

368 833 616 875 sideratione
639 846 721 872 non
749 830 961 872 exstiturae
986 828 1139 884 prolis:
1171 829 1280 883 quod
1312 828 1443 884 ipsum
1474 842 1555 869 non
1578 829 1687 884 apud
1705 829 1829 885 juris-

369 899 573 940 consultos
596 902 770 946 tantum,
796 897 868 938 sed
885 902 927 938 et
949 890 1089 951 bapud
1109 894 1360 944 Ciceronem,
1377 900 1420 936 et
1436 893 1649 937 Valerium
1670 895 1830 937 ⁹Maxi-

369 979 479 1006 mum
502 964 688 1006 invenire
713 968 784 1005 est.

470 1032 498 1071 4
546 1030 689 1072 Cicero
707 1043 869 1071 causam
889 1028 995 1070 hanc
1013 1027 1151 1070 adfert
1168 1027 1351 1069 oratione
1362 1043 1447 1083 pro
1466 1029 1660 1070 Ccecz'na:
1685 1027 1831 1077 Quid?

369 1098 509 1139 verbis
528 1098 638 1138 satis
666 1097 742 1137 hoc
766 1103 942 1137 cautum
966 1103 1060 1136 erat
1077 1095 1099 1135 Ρ
1129 1096 1316 1137 minime.
1376 1096 1482 1142 Quae
1506 1109 1573 1136 res
1595 1095 1733 1149 iyitur
1757 1109 1832 1135 va-

371 1163 488 1205 luit?
518 1164 744 1204 voluntas:
780 1176 875 1216 quoe
901 1162 939 1202 si
972 1161 1119 1202 tacitis
1146 1161 1267 1201 nobis
1297 1161 1485 1214 intelliqz'
1505 1168 1661 1215 posset,
1692 1160 1832 1202 verbis

369 1230 539 1270 omnino
563 1243 645 1269 non
674 1235 890 1269 uteremur
905 1242 919 1268 .·
951 1228 1058 1281 quia
1089 1241 1172 1267 non
1184 1234 1338 1281 potest,
1372 1228 1501 1268 verba
1524 1233 1695 1280 reperta
1718 1233 1830 1274 sunt,

368 1309 453 1335 non
477 1308 569 1347 quc&
601 1295 868 1348 impedirent,
902 1294 975 1334 sed
998 1307 1092 1347 qucc
1116 1294 1363 1333 indicarent
1393 1293 1661 1333 voluntatem.
1731 1292 1832 1332 Mox

368 1359 411 1401 in
435 1359 577 1401 eadem
602 1358 787 1399 oratione
808 1357 906 1399 dicit
929 1357 1036 1399 idem
1062 1357 1130 1413 jus
1154 1372 1254 1407 esse,
1278 1357 1348 1399 ubi
1371 1357 1616 1413 perspicitur
1642 1359 1749 1398 cuna
1772 1363 1834 1398 at-

428 1471 442 1487 a
462 1465 501 1494 In
524 1464 683 1503 pactione,
710 1473 746 1492 ne
769 1464 839 1502 quis
864 1463 948 1491 locus
972 1463 1070 1491 muris

369 1515 626 1554 cinqatur,facta
640 1523 674 1543 eo
689 1516 822 1551 tempore
834 1522 901 1541 cum
909 1521 968 1540 non
980 1512 1071 1541 aliud

369 1569 444 1595 esset
464 1564 620 1594 muniendi
640 1562 750 1602 qenus]
788 1563 908 1591 Fuscus
930 1562 1070 1592 Arellius

369 1616 401 1643 in
419 1614 643 1649 controversia,
659 1622 730 1650 quae
744 1614 792 1640 est
813 1612 899 1649 apud
919 1612 1068 1640 Senecam

371 1664 493 1693 decima
518 1663 599 1692 libro
627 1671 663 1691 11.
706 1661 800 1690 Hunc
827 1662 906 1690 enim
934 1661 1070 1689 animum

360 1715 467 1752 fuisse
480 1714 545 1742 sine
560 1713 653 1741 dubio
660 1711 848 1748 jurantium,
860 1714 893 1739 ut
907 1712 938 1739 vi
947 1720 1006 1739 non
1021 1711 1069 1738 di-

371 1764 566 1799 ducerentur,
588 1772 655 1791 cum
678 1761 759 1790 illud
778 1770 898 1799 quoque
921 1760 1070 1796 caverint,

370 1823 407 1842 ne
421 1816 516 1841 ‘morte
526 1811 748 1840 dividerentur.

432 1862 445 1882 b
459 1861 554 1899 Apud
570 1859 763 1898 Ciceronem]
786 1859 891 1888 Etiam
908 1858 944 1887 de
958 1858 1068 1887 Inven-

373 1912 455 1942 tione
470 1920 507 1940 11.
528 1910 571 1948 (c.
586 1909 653 1946 42.)

432 1963 445 1980 9
466 1962 553 1991 Nihil
568 1962 625 1990 hac
641 1961 679 1989 de
696 1970 729 1989 re
750 1962 854 1988 exstat
869 1959 954 1997 apud
971 1959 1068 1988 Vale-

372 2014 453 2042 rium
471 2011 656 2046 Maximum,
672 2019 728 2038 nec
743 2010 775 2037 in
793 2009 906 2046 Capite
920 2008 972 2037 De
990 2008 1070 2036 ratis

1139 1462 1218 1500 Cap.
1234 1462 1367 1500 praeced.
1387 1462 1456 1492 Lib.
1472 1471 1536 1491 V11.
1552 1472 1620 1500 cap.
1637 1463 1663 1492 7.
1681 1471 1714 1492 n.
1729 1462 1756 1491 1.
1779 1471 1834 1490 ex·

1137 1511 1276 1549 emplum
1292 1511 1423 1549 legitur,
1437 1512 1521 1549 quod
1536 1512 1576 1540 ad
1591 1512 1670 1540 hanc
1689 1511 1834 1549 regulam

1136 1564 1244 1599 potest
1258 1561 1378 1597 referri,
1393 1570 1582 1598 quamquam
1597 1561 1754 1590 contrario
1769 1570 1837 1589 mo..

1138 1612 1178 1640 do
1193 1623 1200 1640 :
1221 1611 1367 1640 nimirum
1391 1611 1505 1647 Patris,
1522 1611 1588 1649 qui,
1608 1621 1705 1650 quum
1721 1612 1836 1641 Filium

1137 1671 1228 1690 suum
1244 1661 1275 1689 in
1291 1661 1375 1690 bello
1391 1661 1573 1690 occubuisse
1587 1661 1667 1690 falso
1682 1661 1836 1698 crederet,

1137 1711 1215 1739 alios
1230 1711 1410 1739 instituerat
1424 1711 1566 1741 heredes.
1608 1711 1687 1747 Hoc,
1698 1714 1735 1740 ut
1749 1711 1836 1740 vide-

1137 1762 1200 1796 tur,
1214 1768 1321 1787 ansam
1336 1759 1423 1787 dedit
1437 1759 1535 1787 errori
1556 1759 1706 1788 Auctoris
1724 1760 1836 1798 nostri,

1137 1809 1296 1838 memoriae
1311 1809 1387 1838 vitio
1399 1809 1461 1838 duo
1471 1809 1592 1838 diversa
1603 1809 1835 1839 confundentis.

1135 1859 1172 1888 J.
1187 1859 1230 1889 B.

1196 1914 1208 1929 c
1235 1909 1307 1938 Una
1328 1911 1420 1946 atque
1434 1909 1539 1937 eadem
1553 1918 1650 1938 cansa
1665 1909 1835 1949 aequz'tatz's]

1138 1958 1188 1987 Sic
1202 1958 1233 1985 in
1250 1967 1396 1995 sponsam
1408 1959 1536 1986 alterius
1548 1959 1737 1987 adulterium
1749 1969 1835 1988 com-

1136 2007 1221 2036 mitti
1240 2009 1353 2045 probat
1374 2008 1465 2036 Philo
1487 2008 1526 2036 de
1547 2009 1734 2046 specialibus
1754 2009 1835 2047 legi-

378 2061 577 2093 Testamentis
591 2063 618 2088 et
633 2058 973 2097 insperaiiS‚11bilocus
987 2060 1070 2085 esset

374 2116 479 2151 aptuS,
504 2120 562 2140 nec
586 2110 670 2146 alibi,
693 2109 778 2147 quod
800 2108 907 2137 sciam.
949 2107 1010 2136 Sed
1037 2107 1070 2135 in

1135 2057 1205 2093 bus,
1233 2057 1341 2086 addita
1368 2067 1479 2086 causa:
1502 2057 1534 2086 αἱ
1561 2058 1628 2095 γάρ
1656 2058 1835 2097 ὁμολογίαι

1135 2110 1207 2136 ’τοῖς
1223 2106 1340 2144 γάμοις
1353 2107 1596 2144 ἰσοδυναμοῦσι·
1607 2107 1702 2145 (Pag.
1716 2109 1773 2138 788
1783 2109 1834 2147 A.)

444 2277 465 2308 3
496 2272 599 2308 Take
631 2284 679 2307 an
704 2271 872 2317 example
893 2271 931 2304 in
949 2282 995 2305 an
1014 2273 1228 2316 agreement
1249 2270 1356 2304 made
1377 2270 1459 2304 that
1476 2281 1524 2305 no
1541 2271 1646 2316 place
1667 2271 1760 2305 shall
1786 2272 1834 2306 be

373 2331 504 2365 walled
521 2330 653 2370 round,
672 2329 781 2363 made
798 2332 836 2362 at
857 2340 879 2362 a
899 2329 988 2363 time
1005 2328 1111 2362 when
1128 2327 1234 2361 there
1256 2338 1326 2361 was
1346 2338 1394 2361 no
1416 2327 1523 2361 other
1543 2338 1621 2373 way
1643 2328 1685 2362 of
1700 2328 1834 2362 fortifi-

374 2388 509 2421 cation.
549 2387 645 2421 That
656 2387 762 2432 place
775 2389 912 2420 cannot
929 2396 1022 2419 even
1032 2384 1125 2419 have
1139 2396 1185 2418 an
1198 2384 1421 2418 earth-work
1437 2384 1546 2418 made
1562 2385 1683 2419 round
1700 2386 1740 2426 it,
1756 2386 1789 2419 if
1805 2386 1834 2420 it

372 2455 511 2490 appear
536 2443 618 2478 that
638 2443 702 2478 the
724 2443 810 2488 only
839 2453 947 2477 cause
975 2442 1036 2476 for
1055 2441 1284 2487 prohibiting
1309 2441 1409 2475 walls
1434 2452 1506 2475 was
1533 2441 1614 2476 that
1640 2441 1704 2476 the
1728 2442 1835 2487 place

371 2501 491 2546 might
508 2505 574 2535 not
590 2501 637 2534 be
658 2500 831 2534 fortified.
884 2500 941 2533 An
970 2499 1138 2544 example
1163 2499 1192 2532 is
1220 2498 1323 2532 often
1344 2498 1457 2532 taken
1482 2499 1518 2531 in
1541 2498 1605 2533 the
1626 2499 1834 2534 conditions

370 2558 588 2592 introduced
603 2558 641 2591 in
658 2557 722 2591 the
735 2557 808 2590 will
823 2556 865 2590 of
881 2567 903 2590 a
919 2559 1076 2590 testator
1092 2556 1130 2588 in
1147 2566 1228 2589 case
1245 2555 1300 2589 his
1312 2555 1554 2600 posthumous
1568 2555 1667 2589 child
1684 2556 1755 2596 die,
1770 2556 1835 2590 the

370 2618 573 2649 testament
588 2614 701 2659 being
721 2614 830 2648 made
847 2614 896 2658 by
915 2624 985 2647 one
1004 2613 1084 2646 who
1105 2612 1198 2657 fully
1216 2612 1395 2657 expected
1416 2623 1438 2645 a
1454 2612 1696 2657 posthumous
1714 2612 1834 2654 child;

370 2672 445 2705 and
466 2672 531 2706 the
551 2672 631 2705 rule
648 2672 678 2705 is
700 2671 790 2705 used
811 2674 850 2704 to
872 2670 1008 2704 extend
1023 2670 1086 2704 the
1100 2669 1335 2715 dispositions
1352 2669 1394 2703 of
1411 2668 1474 2703 the
1491 2672 1691 2704 testament
1708 2673 1747 2704 to
1767 2669 1832 2703 the

370 2739 454 2762 case
472 2729 508 2762 iu
524 2728 642 2762 which
663 2728 727 2762 the
747 2727 990 2773 posthumous
1013 2727 1112 2761 child
1128 2727 1157 2760 is
1174 2730 1240 2761 not
1261 2725 1376 2760 born:
1408 2725 1567 2760 because
1588 2726 1617 2760 it
1637 2726 1667 2760 is
1683 2725 1832 2760 evident

370 2785 452 2818 that
473 2785 537 2820 the
554 2785 627 2818 will
645 2785 688 2819 of
704 2784 767 2819 the
785 2788 941 2819 testator
963 2795 1033 2818 was
1050 2783 1182 2817 moved
1203 2783 1252 2828 by
1269 2782 1332 2817 the
1353 2782 1625 2817 consideration
1646 2782 1690 2816 of
1704 2793 1726 2815 a
1746 2793 1833 2827 pro-

370 2851 466 2885 geny
477 2841 596 2875 which
613 2853 726 2876 never
744 2852 847 2875 came
865 2841 943 2875 into
960 2841 1165 2875 existence:
1189 2839 1308 2873 which
1321 2839 1489 2884 example
1502 2850 1555 2873 we
1571 2839 1649 2872 find
1660 2842 1725 2872 not
1744 2839 1831 2885 only

370 2897 408 2929 in
429 2896 493 2930 the
513 2898 661 2938 Jurists,
680 2898 748 2931 but
769 2898 846 2931 also
867 2898 905 2931 in
929 2897 1057 2931 Cicero
1078 2897 1152 2930 and
1172 2896 1343 2930 Valerius
1363 2895 1558 2930 Maximus.

447 2957 469 2985 4
511 2953 582 2986 See
601 2953 729 2987 Cicero
749 2954 788 2986 in
808 2954 872 2987 the
893 2954 1037 2987 oration
1052 2965 1123 2998 pro
1147 2953 1300 2987 Coccina.
1349 2951 1433 2985 And
1453 2951 1571 2985 hence
1590 2950 1654 2985 the
1674 2950 1771 2985 form
1791 2951 1836 2986 of
