2018 3204
165 187 256 222 Cir.
277 185 404 229 X111.]
651 188 718 222 DE
749 186 1130 223 JUREJURANDO.
1569 184 1621 224 99

164 300 252 338 tum
271 300 472 352 congruat
495 295 644 345 vorbis,
670 296 779 351 quod
803 296 910 338 idem
933 295 1114 352 appellat
1137 293 1337 356 εὐορκεῖν.
1386 296 1467 347 Qui
1490 296 1532 338 in
1555 297 1622 339 illo

164 366 307 417 peceat
332 355 626 420 11ψε-ῑυδορκεῖν,
652 361 721 416 qui
743 361 784 402 in
812 362 888 403 hoc
911 359 1124 422 ἐπιορκεῖν
1144 361 1276 404 eidem
1302 362 1539 419 Chrysippo
1564 362 1623 404 di-

165 425 271 468 citur
288 426 387 468 satis
407 426 609 475 distincte,
629 440 863 481 quanquam
887 426 1078 469 confundi
1096 427 1302 469 interdum
1323 428 1412 469 haec
1430 427 1573 470 solent.

261 492 378 534 XIV.
443 492 498 533 Et
528 490 561 532 si
591 491 757 546 quidem
793 491 965 534 materia
994 492 1087 534 talis
1116 492 1180 542 sit,
1214 498 1257 535 et
1280 493 1408 535 verba
1441 493 1500 535 ita
1530 507 1624 534 con-

165 561 296 611 cepta,
321 561 368 598 ut
390 571 470 597 non
493 556 547 598 ad
570 555 707 598 Deum
729 562 888 599 tantum
913 558 985 600 scd
1007 563 1049 600 et
1069 558 1123 599 ad
1145 557 1350 600 hominem
1374 558 1621 608 referantur,

157 620 227 676 jus
251 621 362 663 haud
386 621 509 664 dubie
541 621 694 663 homini
717 637 767 664 ex
792 622 878 678 ipso
908 623 1143 678 juramento
1169 629 1390 679 quaeretur,
1426 629 1622 680 tanquam

164 700 217 727 ex
245 687 444 742 promisso
480 693 552 729 aut
586 693 797 730 contractu
828 688 897 743 qui
928 688 1220 744 simplicissime
1255 688 1428 745 intelligi
1461 689 1620 732 debeat.

167 751 211 793 Si
235 766 334 794 vero
362 758 435 794 aut
458 753 588 794 verba
617 753 819 795 hominem
844 767 925 794 non
954 753 1176 808 respiciant
1193 753 1262 808 jus
1291 753 1328 795 ei
1361 754 1620 804 conferendo,

164 821 236 858 aut
267 817 487 873 respiciant
516 817 694 873 quidem,
724 819 796 860 sed
821 818 977 873 aliquid
1007 818 1059 860 sit
1091 819 1200 873 quod
1229 819 1266 859 ci
1296 819 1424 873 possit
1458 819 1619 874 opponi,

164 883 283 924 ⁸tunc
307 897 356 924 ea
379 883 439 926 vis
463 884 542 926 erit
559 883 839 938 jurisjurandi,
864 889 910 925 ut
937 883 1058 925 homo
1089 883 1253 938 quidem
1276 883 1345 925 ille
1366 883 1434 939 jus
1465 884 1621 926 nullum

164 953 450 1003 consequatur,
487 955 531 991 at
560 948 822 990 nihilominus
854 948 923 1004 qui
949 948 1107 1003 juravit
1144 950 1236 990 Deo
1272 948 1476 1005 obligetur
1511 955 1622 991 stare

159 1012 443 1068 jurejurando.
500 1014 639 1070 Hujus
671 1014 731 1055 rei
761 1013 992 1069 exemplum
1024 1019 1086 1056 est
1109 1009 1170 1055 iin
1198 1028 1245 1056 eo
1274 1014 1343 1069 qui
1368 1029 1442 1070 per
1468 1020 1622 1056 metum

163 1077 358 1133 injustum
383 1093 545 1121 causam
574 1079 829 1135 promissioni
847 1079 1000 1134 juratae
1030 1079 1154 1122 dedit.
1221 1080 1331 1121 Nam
1355 1079 1419 1121 hic
1443 1079 1511 1136 jus
1534 1080 1622 1121 nul-

101 1180 106 1184 .
163 1142 247 1184 lum
279 1144 553 1199 consequitur,
587 1150 659 1186 aut
682 1143 765 1186 tale
796 1144 905 1199 quod
931 1143 1106 1187 reddere
1138 1144 1300 1194 debeat,
1332 1145 1428 1201 quia
1460 1159 1623 1187 causam

164 1208 312 1250 damno
345 1209 472 1251 dedit.
542 1209 609 1251 Sic
641 1208 826 1251 videmus
858 1210 1061 1252 Hebraeos
1097 1225 1218 1268 reges
1254 1216 1295 1253 et
1326 1206 1379 1252 ka
1410 1211 1622 1267 prophetis

163 1272 407 1329 increpatos,
441 1279 483 1317 et
513 1275 676 1330 punitos
699 1289 725 1316 a
748 1276 851 1324 Deo,
886 1275 996 1330 quod
1024 1276 1146 1318 fidem
1173 1276 1356 1331 juratam
1381 1276 1622 1332 Babyloniis

162 1338 330 1395 regibus
354 1354 436 1381 non
455 1346 702 1384 servassent.
757 1340 923 1383 Laudat
948 1341 1092 1383 Cicero
1117 1342 1387 1397 Pomponium
1411 1341 1622 1384 tribunum

162 1404 233 1459 qui
263 1405 445 1447 servavit
476 1406 586 1460 quod
609 1412 770 1448 terrore
802 1411 965 1448 coactus
987 1407 1228 1462 juraverat:
1262 1416 1443 1456 tantum,
1476 1406 1619 1462 inquit,

164 1472 420 1525 temporibus
447 1473 540 1514 illis
557 1473 870 1526 jusjurandum
899 1473 1081 1514 valebat.
1154 1473 1294 1522 Quare
1325 1487 1407 1513 non
1437 1473 1622 1528 Regulus

162 1540 323 1578 tantum
365 1536 502 1578 redire
537 1537 581 1578 in
620 1551 840 1586 carcerem,
887 1542 934 1579 ut
971 1537 1147 1579 maxime
1193 1537 1228 1579 is
1273 1537 1399 1579 fuerit
1435 1537 1621 1593 injustus,

162 1647 202 1676 ad
208 1647 391 1676 firmandam
402 1648 495 1677 fidem
506 1648 740 1686 promissorum.
754 1648 862 1677 Adeo·
928 1648 962 1678 J.
974 1648 1014 1677 B.

163 1705 224 1734 que
239 1697 293 1724 ubi
308 1697 459 1735 obligatio
470 1697 556 1726 nulla
566 1700 622 1733 est,
634 1699 701 1726 tota
710 1697 754 1725 vis
763 1697 860 1735 juris-
984 1695 991 1715 ¹
1014 1697 1053 1726 In
1071 1706 1104 1726 eo
1123 1697 1177 1735 qui
1191 1707 1252 1735 per
1270 1701 1377 1728 metum
1392 1699 1536 1736 injustum
1551 1710 1625 1729 cau-

157 1745 286 1783 jurandi
301 1746 394 1774 cadit.
436 1747 517 1776 Vide
537 1756 606 1784 quae
626 1749 736 1776 contra
756 1746 860 1784 dupli-
926 1756 993 1775 sam
1002 1747 1206 1784 promissioni
1214 1747 1335 1783 juratae
1353 1748 1451 1786 dedit]
1475 1749 1579 1778 Etiam
1596 1751 1625 1779 vi

161 1805 228 1826 cem
244 1797 330 1825 illam
353 1796 587 1834 obligationem,
615 1804 708 1833 quam
737 1795 861 1824 Auctor
927 1795 1330 1834 extortumjusjurandum,
1343 1798 1383 1827 ob
1398 1798 1459 1827 Dei
1479 1808 1623 1828 reveren-

162 1846 220 1874 sibi
248 1845 350 1883 fingit,
371 1849 444 1884 post
464 1846 755 1880 Purnxnonrimss
778 1844 857 1873 dixi·
926 1845 1002 1874 tiam
1025 1846 1213 1874 servandum
1228 1847 1322 1876 docet
1336 1847 1538 1886 Augustinus
1559 1849 1625 1887 epi-

161 1904 240 1931 muS,
258 1896 370 1933 Capite
380 1896 447 1934 jam
463 1895 576 1933 saepius
587 1895 726 1923 laudato.
769 1894 858 1923 Non-
925 1894 1014 1923 stolis
1030 1903 1177 1923 ccxxiv.
1195 1898 1227 1924 et
1243 1904 1372 1925 ccxxv.

161 1945 249 1974 nulla
276 1946 369 1974 etiam
398 1945 456 1974 hae
484 1945 522 1974 de
549 1954 583 1974 re
617 1944 794 1973 addidimus
825 1944 857 1972 in
985 1942 999 1963 k
1019 1944 1048 1972 A
1070 1944 1236 1981 prophetis
1262 1945 1451 1984 increpatos]
1483 1946 1565 1977 Vide
1593 1951 1624 1977 et

161 1994 254 2025 Notis
281 1995 396 2024 nostris
422 1995 551 2024 Gallicis
572 1995 612 2023 ad
638 1994 721 2023 hunc
741 1994 857 2023 locum.
924 1992 1045 2022 Jerem.
1061 1993 1169 2023 xxxix.
1183 1994 1212 2022 5.

160 2162 249 2209 they
276 2162 376 2197 refer
400 2166 467 2197 not
486 2166 525 2197 to
548 2163 632 2197 God
654 2163 740 2209 only
759 2162 829 2198 but
852 2166 892 2198 to
920 2173 942 2197 a
966 2173 1053 2197 man
1074 2162 1161 2203 also,
1183 2159 1237 2206 [as
1255 2161 1288 2195 if
1304 2162 1323 2195 I
1343 2172 1457 2196 swcar
1481 2165 1519 2197 to
1539 2164 1622 2207 give

159 2231 234 2266 you
253 2230 276 2253 a
295 2216 426 2264 thing,]
448 2219 550 2261 then,
566 2219 833 2265 undoubtedly,
852 2219 917 2254 the
934 2230 1021 2253 man
1038 2219 1204 2263 acquires
1221 2229 1243 2251 a
1260 2217 1359 2262 right
1375 2217 1424 2263 by
1441 2218 1505 2253 thc
1523 2219 1622 2261 oath,

159 2287 200 2311 as
216 2276 313 2310 from
333 2287 356 2310 a
371 2276 532 2321 promise
552 2286 595 2310 or
612 2280 779 2311 contract
800 2276 945 2321 simply.
983 2276 1058 2309 But
1078 2275 1110 2308 if
1123 2275 1186 2309 the
1204 2274 1322 2308 words
1340 2274 1388 2308 do
1406 2278 1471 2309 not
1488 2276 1621 2320 regard

160 2343 183 2367 a
198 2343 285 2366 man
302 2343 341 2366 as
359 2332 569 2378 conferring
586 2343 634 2367 on
650 2332 729 2366 him
747 2344 769 2366 a
784 2332 893 2377 right,
908 2343 949 2366 or
965 2331 1098 2377 rcgard
1114 2331 1202 2372 him,
1218 2330 1286 2365 but
1302 2330 1396 2365 have
1413 2331 1622 2377 something

161 2388 325 2434 opposed
350 2392 390 2423 to
414 2388 540 2430 them3
565 2388 656 2423 then
676 2388 740 2423 t'nc
762 2389 871 2423 effect
896 2388 939 2423 of
960 2388 1023 2422 the
1052 2387 1137 2422 oath
1166 2387 1239 2421 will
1266 2387 1313 2421 be
1338 2386 1419 2421 that
1445 2387 1510 2422 the
1536 2399 1622 2422 man

160 2444 235 2478 will
256 2444 404 2489 acquire
421 2455 470 2478 no
496 2445 615 2490 right3
639 2445 707 2480 but
723 2445 771 2480 he
791 2444 872 2479 who
888 2444 955 2479 has
972 2455 1090 2479 sworn
1108 2448 1146 2479 to
1165 2443 1248 2478 God
1266 2443 1336 2476 will
1353 2443 1399 2477 be
1417 2443 1564 2488 obliged
1582 2448 1621 2478 to

160 2499 268 2534 stand
289 2500 338 2545 by
358 2500 414 2534 his
435 2500 534 2534 oath.
587 2501 675 2536 This
695 2501 725 2535 is
747 2501 981 2546 cxcmplificd
1002 2501 1108 2535 when
1129 2511 1211 2541 one,
1230 2500 1280 2545 by
1297 2500 1476 2545 inspiring
1496 2500 1622 2544 unjust

160 2556 252 2597 sear,
272 2555 338 2589 has
355 2556 463 2600 given
484 2557 653 2592 occasion
673 2561 712 2591 to
734 2568 756 2591 a
773 2568 890 2592 sworn
912 2558 1083 2602 promise.
1137 2557 1185 2590 So
1213 2567 1266 2590 wc
1291 2566 1352 2590 sce
1378 2555 1440 2590 the
1461 2556 1620 2590 Ichrew

161 2612 268 2656 kings
284 2611 450 2646 rcbuked
467 2612 515 2657 by
536 2612 599 2647 the
616 2612 806 2658 prophets,
828 2613 900 2646 and
917 2613 1102 2658 punished
1118 2613 1168 2658 by
1187 2612 1281 2652 God,
1299 2611 1358 2645 sor
1374 2616 1440 2646 not
1459 2612 1620 2658 keeping

161 2668 259 2703 their
275 2667 370 2702 saith
389 2667 476 2702 with
497 2668 560 2702 the
580 2669 811 2714 Babyloniam
830 2669 948 2714 kings.
997 2668 1127 2703 Cicero
1153 2668 1258 2703 lauds
1282 2668 1520 2713 Pomponius,
1538 2668 1619 2703 who

159 2724 251 2770 kept
271 2735 318 2758 an
346 2724 433 2758 oath
454 2725 562 2769 given
583 2725 702 2758 under
727 2729 869 2759 terror:
898 2725 991 2763 such,
1018 2724 1065 2758 hc
1086 2735 1179 2770 says,
1202 2736 1276 2758 was
1298 2725 1350 2758 the
1370 2727 1476 2769 force
1504 2726 1550 2772 os
1570 2737 1620 2759 αη

160 2782 243 2815 ooth.
272 2787 309 2814 αι
337 2782 411 2815 that
433 2781 522 2815 time.
573 2781 656 2814 And
677 2781 794 2816 hence
824 2781 989 2826 Regulus
1014 2792 1086 2815 was
1115 2781 1240 2815 bound
1272 2784 1310 2814 to
1337 2785 1465 2815 return
1495 2785 1534 2816 to
1563 2781 1621 2816 his

160 2837 453 2883 imprisonmcnt,
475 2837 616 2882 though
638 2838 785 2882 unjust3
819 2838 891 2872 and
912 2837 1017 2872 those
1039 2841 1102 2872 ten
1128 2837 1248 2872 whom
1271 2837 1399 2872 Cicero
1425 2838 1621 2880 mentions,

159 2897 199 2928 to
219 2897 347 2929 return
365 2897 404 2928 to
425 2893 595 2928 Annibal.

1365 2957 1457 3003 7.-

1461 2966 1484 2998 ὶΟ

1641 1234 1716 1257 Ezec.
1731 1233 1795 1257 xvii.

1642 1264 1678 1293 12,
1693 1263 1730 1293 13,
1746 1264 1782 1288 15.

1643 1422 1713 1451 offic.
1726 1421 1762 1445 iu.
1776 1422 1815 1445 31.

1640 1447 1726 1475 Tolet.
1740 1451 1774 1474 iv.
1786 1452 1824 1475 22.

1643 1483 1711 1513 offic.
1726 1481 1762 1505 iii.
1788 1482 1812 1506 2.
