2018 3204
160 192 250 228 CAP.
271 190 377 235 XX]
747 192 814 225 DE
845 190 1025 225 POENIS.
1539 184 1618 224 311

266 301 294 341 4
340 300 397 342 Et
423 303 592 342 eatenus
619 298 863 341 sententiam
887 296 1094 353 sequimur
1122 295 1361 346 Innocentii‚
1387 300 1429 338 et
1449 295 1620 338 aliorum
1640 299 1839 361 ggggcshgffls:

167 364 238 421 qui
269 364 374 407 bello
402 364 520 407 aiunt
551 364 635 420 peti
669 379 787 420 posse
822 378 891 406 eos
925 363 1021 418 yqui
1054 362 1097 404 in
1130 367 1322 404 naturam
1356 361 1621 417 delinquunt:
1640 361 1833 422 ‘Zisssfi‘ffgfflt

167 436 310 473 contra
333 444 454 486 quam
473 429 652 471 sentiunt
675 429 869 478 Victoria,
895 428 1113 484 Vasquius‚
1138 427 1322 476 Azorius,
1347 427 1515 477 Melina,
1538 428 1619 477 alii,
1641 421 1789 506 {ffijssybfvp
1786 423 1809 445 ⁵·

1640 488 1669 505 m
1705 488 1734 505 cr
1752 500 1758 506 .
1789 488 1837 513 ap.

166 496 237 551 qui
266 496 319 537 ad
344 495 544 551 justitiam
569 494 663 536 belli
693 494 906 548 requirere
937 494 1143 542 videntur,
1175 498 1222 535 ut
1254 493 1324 548 qui
1354 493 1521 549 suscipit
1550 499 1621 535 aut
1639 518 1663 541 q.
1677 512 1699 538 7.

165 561 286 602 laesus
315 560 368 602 sit
390 560 432 601 in
456 574 499 601 se
529 565 602 601 aut
623 559 832 614 republica
855 573 939 607 sua,
965 564 1037 600 aut
1060 564 1106 600 ut
1135 559 1177 599 in
1202 573 1293 600 eum
1317 558 1387 614 qui
1410 559 1516 601 bello
1547 559 1620 600 im·
1640 542 1808 625 {ligi-¹323&

164 625 319 682 petitur
343 624 667 680 jurisdictionem
696 624 858 666 habeat.
918 625 1083 665 Ponunt
1116 623 1221 665 enim
1246 623 1303 664 illi
1327 623 1521 679 puniendi
1549 639 1620 680 po-
1637 605 1818 661 minoda&

163 696 355 733 testatem
384 705 471 732 esse
495 690 682 732 effectum
706 689 917 745 proprium
943 688 1236 744 jurisdictionis
1259 689 1398 739 civilis,
1427 704 1518 731 cum
1547 705 1622 732 nos

163 770 254 798 eam
277 756 498 798 sentiamus
516 755 657 798 venire
681 755 804 797 etiam
827 770 878 796 ex
895 754 990 810 jure
1014 754 1204 806 naturali,
1228 769 1310 810 qua·
1328 755 1379 796 de
1402 769 1448 796 re
1468 755 1623 810 aliquid

163 821 338 863 diximus
361 821 456 863 libri
477 820 599 877 primi
622 820 747 862 initio.
806 821 864 862 Et
887 835 985 862 sane
1009 820 1043 861 si
1066 820 1228 861 illorum
1251 834 1277 861 a
1299 819 1445 874 quibus
1469 819 1622 862 dissen-

162 887 286 929 timus
308 887 551 929 admittatur
579 885 793 935 sententia,
812 886 899 941 jam
922 885 1050 927 hostis
1073 885 1115 926 in
1146 885 1305 926 hostem
1337 884 1533 940 puniendi
1552 885 1622 940 jus

162 967 244 994 non
265 952 445 1004 habebit,
475 952 598 994 etiam
621 957 714 1007 post
730 951 843 1006 juste
868 953 1119 1006 1susceptum
1143 950 1294 991 bellurn
1318 964 1370 991 ex
1393 964 1517 992 causa
1540 965 1622 992 non

161 1018 372 1074 punitiva:
408 1018 517 1073 quod
540 1024 678 1059 tamen
701 1017 769 1072 jus
789 1016 974 1072 plerique
998 1016 1227 1057 concedunt
1258 1021 1300 1057 et
1323 1030 1419 1057 usus
1441 1015 1620 1057 omnium

160 1084 346 1141 gentium
368 1083 592 1132 confirmat,
624 1097 705 1124 non
735 1087 896 1124 tantum
926 1086 1142 1138 postquam
1166 1081 1415 1123 debellatum
1447 1086 1523 1132 est,
1549 1081 1622 1124 sed

922 1195 1032 1224 dorum
1048 1194 1158 1224 Salute
1177 1194 1249 1224 Lib.
1265 1203 1302 1224 11.
1318 1204 1388 1233 cap.
1402 1196 1432 1225 4.

983 1244 993 1262 ¹
1016 1245 1089 1273 Non
1114 1244 1204 1282 potui
1225 1254 1245 1273 a
1268 1253 1318 1273 me
1341 1245 1521 1283 impetrare,
1545 1246 1621 1284 quin

161 1199 298 1228 Saturno
311 1198 480 1227 offerrent:
500 1206 608 1226 verum
623 1196 738 1225 ibidem
753 1196 857 1232 docet,

159 1258 277 1277 morem
304 1248 394 1277 illum
420 1248 626 1276 inhumanum
661 1249 693 1275 et
719 1246 856 1275 ferinum

159 1308 286 1328 manere
298 1299 400 1327 adhuc
414 1307 470 1327 sua
484 1300 578 1327 aetate
592 1297 675 1335 apud
690 1297 810 1332 Gallos,
824 1299 856 1325 et

158 1348 237 1377 alios
259 1348 398 1386 Populos
420 1348 612 1377 Occidentis.
629 1347 741 1385 Antiq.
760 1346 854 1375 Rom.

159 1398 229 1427 Lib.
247 1406 269 1427 1.
292 1407 362 1435 cap.
377 1399 423 1427 38.
465 1396 547 1426 Vide
568 1399 601 1425 et
623 1395 758 1425 JULiUM
781 1395 856 1424 CAE-

157 1455 283 1482 sAREM,
308 1446 472 1476 Comment.
497 1445 549 1474 De
566 1445 648 1474 Bell.
673 1444 762 1474 Gall.
785 1444 855 1473 Lib.

157 1505 207 1525 vx.
232 1505 302 1534 cap.
326 1496 373 1525 16.
426 1495 645 1530 Cmmzoxmr,
680 1493 769 1522 Orat.
792 1502 854 1530 pro

157 1546 298 1580 Fonteio,
314 1554 382 1583 cap.
400 1546 447 1574 10.
488 1544 522 1573 J.
537 1543 598 1581 B.]

216 1595 230 1614 ⁸
250 1594 362 1624 Voluit
370 1594 473 1623 dicere
483 1594 614 1628 Auctor,
624 1592 775 1630 Dionysio
787 1592 855 1621 Ha-

157 1643 385 1674 licarnassensi.
435 1643 473 1671 ln
495 1651 558 1680 quo
581 1645 686 1670 tamen
710 1650 780 1670 eum
802 1651 855 1670 ex-

156 1694 232 1722 imio
258 1693 416 1722 nistorieo
444 1700 610 1730 perperam
638 1690 854 1720 testimonium

157 1742 355 1779 denuntiare,
377 1744 466 1779 patet
491 1750 529 1769 ex
552 1740 598 1776 iis,
621 1749 690 1777 quae
706 1739 791 1768 Nota
804 1739 853 1777 ip-

156 1793 219 1821 sius
235 1791 384 1821 Auctoris
398 1790 598 1828 subjecimus,
637 1788 672 1818 J.
686 1788 728 1817 B.

217 1840 229 1858 ⁰
251 1841 352 1869 Immo
373 1841 405 1868 in
419 1839 594 1874 Barbaros,
616 1846 695 1875 quos
717 1846 775 1875 pro
796 1846 854 1866 na-

156 1895 229 1920 tura
245 1890 380 1919 hostibus
394 1889 552 1917 habebant
570 1887 686 1916 Groeci.
727 1886 853 1923 Inspice

155 1940 259 1969 locum
284 1949 314 1977 p.
331 1939 386 1969 267
410 1948 443 1967 Β.
472 1938 536 1966 Ed.
548 1937 592 1966 H.
608 1936 715 1974 Sieplz.
757 1936 794 1965 J.
808 1936 852 1965 B.

216 1994 229 2016 y
251 1988 314 2026 Qui
330 1988 363 2016 in
386 1990 532 2016 naturam
551 1984 743 2024 delinquunt]
770 1985 852 2014 Vide

155 2037 333 2076 Josephum
349 2039 499 2066 Acostam
514 2035 552 2064 de
565 2034 778 2064 Procuranda
796 2035 852 2064 In-

922 1295 1070 1324 adderem
1091 1294 1160 1323 heic
1183 1303 1291 1323 vocem
1316 1295 1403 1323 illam
1417 1294 1512 1332 juste,
1539 1306 1621 1334 quae,

923 1352 1115 1382 quamquam
1134 1343 1166 1371 in
1187 1343 1332 1372 omnibus
1347 1344 1427 1373 Edd.
1443 1345 1533 1381 desit,
1555 1355 1623 1373 om-

923 1393 997 1421 nino
1013 1393 1164 1421 excidisse
1181 1392 1257 1420 mihi
1279 1393 1412 1428 videtur,
1435 1402 1498 1421 non
1518 1394 1621 1424 minus

923 1452 1017 1480 quam
1036 1442 1078 1470 τὸ
1095 1441 1204 1478 injuste
1220 1442 1352 1470 vidimus
1368 1452 1473 1480 supra,
1488 1453 1557 1481 cap.
1573 1446 1621 1475 12.

924 1490 941 1529 ἓ
958 1493 1004 1520 10.
1037 1491 1185 1519 Postulat
1199 1491 1450 1520 additamentum
1465 1493 1621 1530 particula

923 1539 1035 1568 eiiam.-
1062 1548 1100 1567 ex
1121 1542 1250 1576 recepta
1274 1539 1356 1567 enim
1380 1540 1533 1570 hactenus
1555 1542 1620 1572 lec-

920 1588 1008 1617 tione
1025 1592 1221 1626 sequeretur,
1236 1589 1408 1618 secundum
1424 1591 1621 1629 dissidentes,

921 1638 1039 1666 bellum
1057 1637 1173 1675 suscipi
1186 1647 1278 1675 posse
1295 1642 1327 1667 et
1341 1648 1378 1667 ex
1395 1649 1509 1669 caussa
1523 1643 1621 1679 puni-

920 1687 996 1723 tiva,
1018 1690 1051 1715 et
1071 1697 1108 1715 ca:
1131 1696 1245 1715 caussa
1268 1697 1328 1716 non
1344 1690 1509 1726 punitiva;
1535 1693 1621 1729 quod

920 1737 1046 1765 falsum.
1087 1736 1213 1765 Deinde
1235 1738 1335 1774 major
1354 1742 1436 1767 esset
1455 1740 1620 1770 dubitandi

919 1785 1012 1821 ratio,
1046 1794 1086 1813 an
1117 1789 1191 1823 post
1222 1786 1340 1814 bellum
1368 1792 1550 1826 susceptum
1581 1799 1620 1819 ex

921 1843 1030 1862 caussa
1048 1843 1111 1862 non
1136 1835 1280 1872 punitiva
1308 1836 1407 1865 hostis
1435 1837 1466 1865 in
1495 1838 1619 1868 hostem

919 1884 1071 1922 puniendi
1080 1884 1133 1922 jus
1147 1885 1273 1920 habeat,
1294 1895 1387 1923 quam
1407 1890 1480 1924 post
1501 1888 1619 1917 bellum

918 1937 1100 1972 susceptum
1115 1943 1153 1962 ex
1168 1944 1278 1963 caussa
1291 1936 1450 1973 punitiva:
1468 1938 1556 1975 eujus
1570 1942 1619 1967 ta-

918 1993 990 2013 men
1005 1984 1196 2012 contrarium
1212 1985 1363 2022 supponit
1377 1986 1455 2015 illud
1466 1987 1568 2025 etiam,
1584 1991 1619 2018 ut

918 2033 1019 2072 quivis
1031 2033 1125 2064 videt.
1155 2034 1326 2064 Debuisset
1336 2038 1412 2066 tunc
1423 2037 1484 2066 dici
1497 2039 1616 2077 saltem,

154 2202 236 2237 who
272 2213 337 2248 say
375 2201 458 2236 that
491 2212 567 2235 war
599 2212 685 2246 may
721 2200 768 2234 be
802 2199 911 2233 made
946 2199 1090 2244 against
1121 2199 1228 2233 those
1264 2198 1346 2233 who
1381 2199 1437 2233 sin
1471 2201 1615 2246 against

154 2264 310 2299 nature3
341 2262 514 2303 contrary
540 2261 581 2291 to
611 2256 675 2291 the
701 2260 822 2290 tenets
853 2255 895 2289 of
921 2255 1098 2296 Victoria,
1123 2255 1318 2300 Vasquius,
1342 2255 1506 2296 Azorius,
1531 2258 1614 2292 Mo-

154 2316 240 2356 lina,
271 2314 344 2348 and
375 2314 518 2354 others3
545 2313 625 2346 who
656 2323 756 2347 seem
787 2316 826 2346 to
851 2312 1008 2356 require,
1045 2313 1082 2345 in
1108 2312 1218 2345 order
1248 2316 1286 2345 to
1316 2312 1450 2358 justify
1479 2324 1502 2347 a
1530 2325 1616 2356 war,

154 2371 237 2406 that
261 2370 308 2405 he
329 2370 409 2404 who
435 2370 658 2403 undertakes
683 2369 712 2402 it
737 2367 869 2402 should
894 2368 940 2402 bc
966 2367 1086 2402 either
1110 2367 1254 2413 injured
1279 2368 1317 2401 in
1342 2368 1398 2402 his
1425 2379 1505 2402 own
1530 2381 1615 2415 per—

154 2439 233 2467 son,
258 2438 300 2460 or
325 2427 363 2460 in
387 2426 451 2461 the
477 2430 633 2471 country
654 2429 692 2459 to
713 2424 831 2459 which
856 2424 903 2458 he
928 2424 1092 2470 belongs,
1118 2435 1160 2459 or
1184 2424 1266 2458 that
1291 2424 1338 2458 he
1363 2425 1496 2459 should
1519 2425 1614 2462 have

149 2483 386 2530 jurisdiction
419 2494 506 2517 over
538 2482 615 2515 him
643 2481 764 2515 whom
791 2481 839 2515 he
866 2481 1020 2515 attacks.
1082 2482 1157 2515 For
1191 2481 1281 2526 they
1314 2481 1403 2515 hold
1434 2481 1516 2516 that
1547 2483 1612 2517 the

154 2551 278 2587 power
304 2539 346 2574 of
366 2538 566 2585 punishing
594 2538 624 2572 is
648 2538 712 2572 the
740 2549 876 2583 proper
896 2538 1004 2571 effect
1026 2537 1068 2571 of
1093 2537 1186 2571 Civil
1215 2538 1478 2579 Jurisdiction3
1503 2538 1612 2574 while

154 2608 209 2632 we
232 2596 404 2631 conceive
427 2595 508 2630 that
528 2596 557 2629 it
582 2605 703 2629 comes
719 2595 796 2629 also
823 2594 919 2628 from
935 2594 1095 2628 Natural
1110 2595 1207 2627 LaW.
1258 2593 1297 2627 If
1317 2593 1380 2628 the
1404 2595 1554 2639 opinion
1572 2596 1616 2630 of

154 2653 261 2688 those
285 2652 382 2687 from
412 2652 532 2686 whom
558 2663 610 2686 we
640 2651 778 2685 dissent
803 2651 850 2684 be
878 2650 1070 2693 admitted,
1095 2661 1143 2684 an
1171 2661 1304 2695 enemy
1329 2650 1401 2683 will
1425 2654 1491 2685 not
1517 2651 1611 2687 have

154 2710 219 2745 the
243 2720 367 2755 power
392 2708 434 2743 of
459 2707 657 2753 punishing
686 2719 733 2741 an
761 2718 904 2752 enemy,
932 2717 1025 2741 even
1050 2706 1146 2740 after
1174 2718 1249 2740 war
1275 2706 1341 2741 has
1370 2707 1466 2741 been
1493 2708 1611 2755 Justly

152 2767 288 2811 begun,
312 2766 343 2799 if
364 2766 393 2799 it
417 2765 463 2799 be
492 2765 550 2798 for
566 2764 723 2798 another
748 2774 856 2798 cause
882 2762 973 2796 than
997 2767 1035 2796 to
1061 2763 1177 2797 inflict
1198 2763 1458 2808 punishment:
1491 2764 1609 2800 which

152 2823 262 2869 right,
288 2822 468 2863 however,
495 2825 591 2855 most
616 2820 766 2855 authors
795 2819 968 2860 concede,
997 2819 1071 2853 and
1103 2819 1167 2853 the
1194 2831 1305 2865 usage
1329 2819 1371 2854 of
1390 2820 1440 2854 all
1462 2821 1608 2856 nations

152 2881 336 2920 confirms,
358 2883 424 2913 not
451 2878 537 2923 only
561 2878 657 2912 after
685 2877 747 2911 the
780 2888 853 2911 war
880 2876 945 2910 has
969 2876 1065 2910 been
1094 2875 1263 2917 finished,
1294 2876 1361 2911 but
1385 2887 1478 2912 even
1501 2877 1609 2913 while

150 2937 181 2971 it
206 2937 236 2972 is
267 2937 379 2982 going
403 2946 474 2977 on,
505 2934 578 2969 and
606 2934 679 2969 this
701 2933 801 2980 right
826 2933 856 2968 is
886 2932 1054 2975 claimed,
1082 2936 1149 2968 not
1178 2933 1275 2969 from
1303 2945 1375 2981 any
1399 2934 1482 2970 civil
1497 2935 1608 2981 juris-
