<?xml version="1.0" encoding="UTF-8"?>
<!DOCTYPE html PUBLIC "-//W3C//DTD XHTML 1.0 Transitional//EN"
    "http://www.w3.org/TR/xhtml1/DTD/xhtml1-transitional.dtd">
<html xmlns="http://www.w3.org/1999/xhtml" xml:lang="en" lang="en">
 <head>
  <title>
</title>
<meta http-equiv="Content-Type" content="text/html;charset=utf-8" />
  <meta name='ocr-system' content='tesseract 3.04.00' />
  <meta name='ocr-capabilities' content='ocr_page ocr_carea ocr_par ocr_line ocrx_word'/>
</head>
<body>
  <div class='ocr_page' id='page_1' title='image "./dejurebellietpac02grotuoft_0358.png"; bbox 0 0 2018 3204; ppageno 0'>
   <div class='ocr_carea' id='block_1_1' title="bbox 383 95 1833 140">
    <p class='ocr_par' dir='ltr' id='par_1_1' title="bbox 383 95 1833 140">
     <span class='ocr_line' id='line_1_1' title="bbox 383 95 1833 140; baseline -0.003 -4"><span class='ocrx_word' id='word_1_1' title='bbox 383 95 465 136; x_wconf 82' lang='grc'>332</span> <span class='ocrx_word' id='word_1_2' title='bbox 973 101 1040 134; x_wconf 87' lang='lat' dir='ltr'>DE</span> <span class='ocrx_word' id='word_1_3' title='bbox 1071 98 1251 134; x_wconf 85' lang='lat' dir='ltr'><strong>POENIS.</strong></span> <span class='ocrx_word' id='word_1_4' title='bbox 1673 95 1767 140; x_wconf 79' lang='lat' dir='ltr'>[Lm.</span> <span class='ocrx_word' id='word_1_5' title='bbox 1783 96 1833 131; x_wconf 89' lang='lat'>11.</span> 
     </span>
    </p>
   </div>
   <div class='ocr_carea' id='block_1_2' title="bbox 165 201 1845 1310">
    <p class='ocr_par' dir='ltr' id='par_1_2' title="bbox 165 201 1845 1310">
     <span class='ocr_line' id='line_1_2' title="bbox 381 201 1838 259; baseline -0.006 -7"><span class='ocrx_word' id='word_1_6' title='bbox 381 208 501 251; x_wconf 90' lang='lat' dir='ltr'>modo</span> <span class='ocrx_word' id='word_1_7' title='bbox 537 208 591 250; x_wconf 87' lang='lat' dir='ltr'>ad</span> <span class='ocrx_word' id='word_1_8' title='bbox 627 209 799 250; x_wconf 87' lang='lat' dir='ltr'>honesta</span> <span class='ocrx_word' id='word_1_9' title='bbox 835 204 970 247; x_wconf 83' lang='lat' dir='ltr'>omnia</span> <span class='ocrx_word' id='word_1_10' title='bbox 1002 208 1126 259; x_wconf 88' lang='lat' dir='ltr'>atque</span> <span class='ocrx_word' id='word_1_11' title='bbox 1166 203 1220 245; x_wconf 86' lang='lat' dir='ltr'>ad</span> <span class='ocrx_word' id='word_1_12' title='bbox 1255 202 1526 244; x_wconf 80' lang='lat' dir='ltr'>exhibendam</span> <span class='ocrx_word' id='word_1_13' title='bbox 1561 201 1838 259; x_wconf 86' lang='lat' dir='ltr'>superioribus</span> 
     </span>
     <span class='ocr_line' id='line_1_3' title="bbox 382 268 1838 325; baseline -0.005 -9"><span class='ocrx_word' id='word_1_14' title='bbox 382 274 654 316; x_wconf 72' lang='lat' dir='ltr'>obedientiam</span> <span class='ocrx_word' id='word_1_15' title='bbox 676 274 838 320; x_wconf 85' lang='lat' dir='ltr'>ducant,</span> <span class='ocrx_word' id='word_1_16' title='bbox 872 284 947 311; x_wconf 89' lang='lat' dir='ltr'>nec</span> <span class='ocrx_word' id='word_1_17' title='bbox 971 268 1147 325; x_wconf 88' lang='lat' dir='ltr'>suspecti</span> <span class='ocrx_word' id='word_1_18' title='bbox 1179 283 1267 310; x_wconf 89' lang='lat' dir='ltr'>esse</span> <span class='ocrx_word' id='word_1_19' title='bbox 1291 269 1442 310; x_wconf 88' lang='lat' dir='ltr'>debent</span> <span class='ocrx_word' id='word_1_20' title='bbox 1465 273 1591 310; x_wconf 86' lang='lat' dir='ltr'>coetus</span> <span class='ocrx_word' id='word_1_21' title='bbox 1615 269 1838 324; x_wconf 88' lang='lat' dir='ltr'>proborum</span> 
     </span>
     <span class='ocr_line' id='line_1_4' title="bbox 381 334 1838 393; baseline -0.004 -12"><span class='ocrx_word' id='word_1_22' title='bbox 381 340 602 387; x_wconf 89' lang='lat' dir='ltr'>hominum,</span> <span class='ocrx_word' id='word_1_23' title='bbox 639 344 680 379; x_wconf 84' lang='lat' dir='ltr'>et</span> <span class='ocrx_word' id='word_1_24' title='bbox 711 337 781 393; x_wconf 91' lang='lat' dir='ltr'>qui</span> <span class='ocrx_word' id='word_1_25' title='bbox 814 336 945 377; x_wconf 86' lang='lat' dir='ltr'>latere</span> <span class='ocrx_word' id='word_1_26' title='bbox 979 350 1061 377; x_wconf 90' lang='lat' dir='ltr'>non</span> <span class='ocrx_word' id='word_1_27' title='bbox 1092 340 1285 390; x_wconf 79' lang='lat' dir='ltr'>quaerunt</span> <span class='ocrx_word' id='word_1_28' title='bbox 1315 334 1391 376; x_wconf 90' lang='lat' dir='ltr'>nisi</span> <span class='ocrx_word' id='word_1_29' title='bbox 1425 340 1638 390; x_wconf 80' lang='lat' dir='ltr'>cogantur.</span> <span class='ocrx_word' id='word_1_30' title='bbox 1707 334 1838 375; x_wconf 81' lang='lat' dir='ltr'>Recte</span> 
     </span>
     <span class='ocr_line' id='line_1_5' title="bbox 382 399 1840 460; baseline -0.005 -14"><span class='ocrx_word' id='word_1_31' title='bbox 382 405 462 446; x_wconf 86' lang='lat' dir='ltr'>hue</span> <span class='ocrx_word' id='word_1_32' title='bbox 483 409 620 460; x_wconf 87' lang='lat' dir='ltr'>aptem</span> <span class='ocrx_word' id='word_1_33' title='bbox 644 403 753 458; x_wconf 89' lang='lat' dir='ltr'>quod</span> <span class='ocrx_word' id='word_1_34' title='bbox 778 402 1016 459; x_wconf 87' lang='lat' dir='ltr'>Augustum</span> <span class='ocrx_word' id='word_1_35' title='bbox 1048 400 1099 442; x_wconf 92' lang='lat' dir='ltr'>de</span> <span class='ocrx_word' id='word_1_36' title='bbox 1123 401 1150 442; x_wconf 85' lang='lat' dir='ltr'><strong>J</strong></span> <span class='ocrx_word' id='word_1_37' title='bbox 1157 400 1366 442; x_wconf 84' lang='lat' dir='ltr'>udaeorum</span> <span class='ocrx_word' id='word_1_38' title='bbox 1390 399 1659 441; x_wconf 88' lang='lat' dir='ltr'>conventibus</span> <span class='ocrx_word' id='word_1_39' title='bbox 1690 399 1840 440; x_wconf 84' lang='lat' dir='ltr'>dixisse</span> 
     </span>
     <span class='ocr_line' id='line_1_6' title="bbox 383 465 1841 510; baseline -0.003 0"><span class='ocrx_word' id='word_1_40' title='bbox 383 465 518 510; x_wconf 77' lang='lat' dir='ltr'>fPhilo</span> <span class='ocrx_word' id='word_1_41' title='bbox 543 473 859 510; x_wconf 76' lang='lat' dir='ltr'>commemorat:</span> <span class='ocrx_word' id='word_1_42' title='bbox 891 481 972 508; x_wconf 91' lang='lat' dir='ltr'>non</span> <span class='ocrx_word' id='word_1_43' title='bbox 994 479 1062 508; x_wconf 91' lang='lat' dir='ltr'>eos</span> <span class='ocrx_word' id='word_1_44' title='bbox 1092 465 1356 508; x_wconf 81' lang='lat' dir='ltr'>bacchanalia</span> <span class='ocrx_word' id='word_1_45' title='bbox 1385 479 1473 507; x_wconf 91' lang='lat' dir='ltr'>esse</span> <span class='ocrx_word' id='word_1_46' title='bbox 1500 470 1573 507; x_wconf 83' lang='lat' dir='ltr'>aut</span> <span class='ocrx_word' id='word_1_47' title='bbox 1603 471 1729 507; x_wconf 88' lang='lat' dir='ltr'>coetus</span> <span class='ocrx_word' id='word_1_48' title='bbox 1751 470 1841 506; x_wconf 87' lang='lat' dir='ltr'>tur-</span> 
     </span>
     <span class='ocr_line' id='line_1_7' title="bbox 383 532 1171 590; baseline -0.003 -14"><span class='ocrx_word' id='word_1_49' title='bbox 383 535 530 576; x_wconf 83' lang='lat' dir='ltr'>bandae</span> <span class='ocrx_word' id='word_1_50' title='bbox 553 534 656 590; x_wconf 88' lang='lat' dir='ltr'>paci,</span> <span class='ocrx_word' id='word_1_51' title='bbox 681 533 753 575; x_wconf 91' lang='lat' dir='ltr'>sed</span> <span class='ocrx_word' id='word_1_52' title='bbox 775 533 972 575; x_wconf 86' lang='lat' dir='ltr'>virtutum</span> <span class='ocrx_word' id='word_1_53' title='bbox 1003 532 1171 574; x_wconf 88' lang='lat' dir='ltr'>scholas.</span> 
     </span>
     <span class='ocr_line' id='line_1_8' title="bbox 482 595 1841 653; baseline -0.003 -12"><span class='ocrx_word' id='word_1_54' title='bbox 482 601 508 641; x_wconf 89' lang='lat'>2</span> <span class='ocrx_word' id='word_1_55' title='bbox 558 599 640 649; x_wconf 81' lang='lat' dir='ltr'>Qui</span> <span class='ocrx_word' id='word_1_56' title='bbox 674 599 716 640; x_wconf 91' lang='lat' dir='ltr'>in</span> <span class='ocrx_word' id='word_1_57' title='bbox 743 598 847 641; x_wconf 84' lang='lat' dir='ltr'>tales</span> <span class='ocrx_word' id='word_1_58' title='bbox 875 598 1062 647; x_wconf 79' lang='lat' dir='ltr'>saeviunt,</span> <span class='ocrx_word' id='word_1_59' title='bbox 1095 597 1174 653; x_wconf 90' lang='lat' dir='ltr'>ipsi</span> <span class='ocrx_word' id='word_1_60' title='bbox 1202 596 1245 637; x_wconf 91' lang='lat' dir='ltr'>in</span> <span class='ocrx_word' id='word_1_61' title='bbox 1271 611 1321 639; x_wconf 86' lang='lat' dir='ltr'>ea</span> <span class='ocrx_word' id='word_1_62' title='bbox 1351 611 1473 638; x_wconf 88' lang='lat' dir='ltr'>causa</span> <span class='ocrx_word' id='word_1_63' title='bbox 1504 601 1598 639; x_wconf 90' lang='lat' dir='ltr'>sunt</span> <span class='ocrx_word' id='word_1_64' title='bbox 1630 601 1676 638; x_wconf 86' lang='lat' dir='ltr'>ut</span> <span class='ocrx_word' id='word_1_65' title='bbox 1703 595 1841 652; x_wconf 88' lang='lat' dir='ltr'>puniri</span> 
     </span>
     <span class='ocr_line' id='line_1_9' title="bbox 165 662 1841 725; baseline -0.003 -17"><span class='ocrx_word' id='word_1_66' title='bbox 165 670 332 725; x_wconf 46' lang='lat' dir='ltr'>ffi‘mffst·</span> <span class='ocrx_word' id='word_1_67' title='bbox 377 666 489 722; x_wconf 89' lang='lat' dir='ltr'>juste</span> <span class='ocrx_word' id='word_1_68' title='bbox 510 665 677 722; x_wconf 79' lang='lat' dir='ltr'>possint,</span> <span class='ocrx_word' id='word_1_69' title='bbox 702 665 812 720; x_wconf 91' lang='lat' dir='ltr'>quod</span> <span class='ocrx_word' id='word_1_70' title='bbox 836 669 877 705; x_wconf 92' lang='lat' dir='ltr'>et</span> <span class='ocrx_word' id='word_1_71' title='bbox 901 664 1070 704; x_wconf 84' lang='lat' dir='ltr'>Thomae</span> <span class='ocrx_word' id='word_1_72' title='bbox 1091 663 1267 705; x_wconf 89' lang='lat' dir='ltr'>videtur.</span> <span class='ocrx_word' id='word_1_73' title='bbox 1325 662 1464 717; x_wconf 84' lang='lat' dir='ltr'>Atque</span> <span class='ocrx_word' id='word_1_74' title='bbox 1487 677 1577 704; x_wconf 85' lang='lat' dir='ltr'>eam</span> <span class='ocrx_word' id='word_1_75' title='bbox 1602 663 1653 704; x_wconf 89' lang='lat' dir='ltr'>ob</span> <span class='ocrx_word' id='word_1_76' title='bbox 1677 676 1841 703; x_wconf 87' lang='lat' dir='ltr'>causam</span> 
     </span>
     <span class='ocr_line' id='line_1_10' title="bbox 383 724 1842 784; baseline -0.003 -11"><span class='ocrx_word' id='word_1_77' title='bbox 383 735 403 760; x_wconf 70' lang='lat' dir='ltr'>g</span> <span class='ocrx_word' id='word_1_78' title='bbox 412 731 703 773; x_wconf 86' lang='lat' dir='ltr'>Constantinus</span> <span class='ocrx_word' id='word_1_79' title='bbox 732 729 898 778; x_wconf 90' lang='lat' dir='ltr'>Licinio,</span> <span class='ocrx_word' id='word_1_80' title='bbox 933 729 1212 784; x_wconf 88' lang='lat' dir='ltr'>Imperatores</span> <span class='ocrx_word' id='word_1_81' title='bbox 1233 724 1328 769; x_wconf 82' lang='lat' dir='ltr'>halii</span> <span class='ocrx_word' id='word_1_82' title='bbox 1351 727 1488 769; x_wconf 83' lang='lat' dir='ltr'>Persis</span> <span class='ocrx_word' id='word_1_83' title='bbox 1516 727 1665 769; x_wconf 87' lang='lat' dir='ltr'>bellum</span> <span class='ocrx_word' id='word_1_84' title='bbox 1695 727 1842 769; x_wconf 88' lang='lat' dir='ltr'>intule-</span> 
     </span>
     <span class='ocr_line' id='line_1_11' title="bbox 382 793 1840 852; baseline -0.004 -13"><span class='ocrx_word' id='word_1_85' title='bbox 382 803 506 839; x_wconf 89' lang='lat' dir='ltr'>runt:</span> <span class='ocrx_word' id='word_1_86' title='bbox 542 811 775 852; x_wconf 88' lang='lat' dir='ltr'>quanquam</span> <span class='ocrx_word' id='word_1_87' title='bbox 798 796 886 836; x_wconf 85' lang='lat' dir='ltr'>haec</span> <span class='ocrx_word' id='word_1_88' title='bbox 903 794 1011 836; x_wconf 89' lang='lat' dir='ltr'>bella</span> <span class='ocrx_word' id='word_1_89' title='bbox 1035 794 1165 851; x_wconf 84' lang='lat' dir='ltr'>magis</span> <span class='ocrx_word' id='word_1_90' title='bbox 1189 794 1243 836; x_wconf 88' lang='lat' dir='ltr'>ad</span> <span class='ocrx_word' id='word_1_91' title='bbox 1266 794 1526 834; x_wconf 80' lang='lat' dir='ltr'>innocentum</span> <span class='ocrx_word' id='word_1_92' title='bbox 1550 793 1840 843; x_wconf 84' lang='lat' dir='ltr'>defensionem,</span> 
     </span>
     <span class='ocr_line' id='line_1_12' title="bbox 384 858 1843 918; baseline -0.004 -12"><span class='ocrx_word' id='word_1_93' title='bbox 384 864 435 906; x_wconf 89' lang='lat' dir='ltr'>de</span> <span class='ocrx_word' id='word_1_94' title='bbox 459 877 541 918; x_wconf 90' lang='lat' dir='ltr'>qua</span> <span class='ocrx_word' id='word_1_95' title='bbox 561 869 603 905; x_wconf 91' lang='lat' dir='ltr'>et</span> <span class='ocrx_word' id='word_1_96' title='bbox 632 862 741 903; x_wconf 87' lang='lat' dir='ltr'>infra</span> <span class='ocrx_word' id='word_1_97' title='bbox 761 875 941 918; x_wconf 83' lang='lat' dir='ltr'>agemus,</span> <span class='ocrx_word' id='word_1_98' title='bbox 968 874 1090 915; x_wconf 88' lang='lat' dir='ltr'>quam</span> <span class='ocrx_word' id='word_1_99' title='bbox 1114 860 1167 901; x_wconf 88' lang='lat' dir='ltr'>ad</span> <span class='ocrx_word' id='word_1_100' title='bbox 1192 874 1323 915; x_wconf 84' lang='lat' dir='ltr'>poenae</span> <span class='ocrx_word' id='word_1_101' title='bbox 1348 858 1600 900; x_wconf 85' lang='lat' dir='ltr'>exactionem</span> <span class='ocrx_word' id='word_1_102' title='bbox 1621 858 1843 914; x_wconf 79' lang='lat' dir='ltr'>pertinent.</span> 
     </span>
     <span class='ocr_line' id='line_1_13' title="bbox 474 924 1840 981; baseline -0.004 -11"><span class='ocrx_word' id='word_1_103' title='bbox 474 930 523 971; x_wconf 92' lang='lat' dir='ltr'>L.</span> <span class='ocrx_word' id='word_1_104' title='bbox 579 930 602 969; x_wconf 79' lang='lat'>1</span> <span class='ocrx_word' id='word_1_105' title='bbox 651 928 703 968; x_wconf 88' lang='lat' dir='ltr'>In</span> <span class='ocrx_word' id='word_1_106' title='bbox 736 942 804 968; x_wconf 91' lang='lat' dir='ltr'>eos</span> <span class='ocrx_word' id='word_1_107' title='bbox 836 940 935 968; x_wconf 89' lang='lat' dir='ltr'>vero</span> <span class='ocrx_word' id='word_1_108' title='bbox 971 925 1041 980; x_wconf 88' lang='lat' dir='ltr'>qui</span> <span class='ocrx_word' id='word_1_109' title='bbox 1067 925 1221 967; x_wconf 84' lang='lat' dir='ltr'>Christi</span> <span class='ocrx_word' id='word_1_110' title='bbox 1256 925 1391 981; x_wconf 88' lang='lat' dir='ltr'>legem</span> <span class='ocrx_word' id='word_1_111' title='bbox 1423 938 1499 980; x_wconf 86' lang='lat' dir='ltr'>pro</span> <span class='ocrx_word' id='word_1_112' title='bbox 1534 938 1634 966; x_wconf 83' lang='lat' dir='ltr'>vera</span> <span class='ocrx_word' id='word_1_113' title='bbox 1667 924 1840 973; x_wconf 87' lang='lat' dir='ltr'>habent,</span> 
     </span>
     <span class='ocr_line' id='line_1_14' title="bbox 383 990 1844 1048; baseline -0.004 -12"><span class='ocrx_word' id='word_1_114' title='bbox 383 994 479 1036; x_wconf 82' lang='lat' dir='ltr'>³sed</span> <span class='ocrx_word' id='word_1_115' title='bbox 511 994 562 1035; x_wconf 92' lang='lat' dir='ltr'>de</span> <span class='ocrx_word' id='word_1_116' title='bbox 598 993 840 1048; x_wconf 88' lang='lat' dir='ltr'>quibusdam</span> <span class='ocrx_word' id='word_1_117' title='bbox 879 1005 970 1046; x_wconf 85' lang='lat' dir='ltr'>quae</span> <span class='ocrx_word' id='word_1_118' title='bbox 1005 996 1076 1032; x_wconf 89' lang='lat' dir='ltr'>aut</span> <span class='ocrx_word' id='word_1_119' title='bbox 1107 997 1226 1032; x_wconf 84' lang='lat' dir='ltr'>extra</span> <span class='ocrx_word' id='word_1_120' title='bbox 1256 991 1391 1047; x_wconf 86' lang='lat' dir='ltr'>legem</span> <span class='ocrx_word' id='word_1_121' title='bbox 1426 995 1532 1039; x_wconf 89' lang='lat' dir='ltr'>sunt,</span> <span class='ocrx_word' id='word_1_122' title='bbox 1569 995 1642 1031; x_wconf 88' lang='lat' dir='ltr'>aut</span> <span class='ocrx_word' id='word_1_123' title='bbox 1675 990 1717 1031; x_wconf 91' lang='lat' dir='ltr'>in</span> <span class='ocrx_word' id='word_1_124' title='bbox 1750 990 1844 1046; x_wconf 88' lang='lat' dir='ltr'>lege</span> 
     </span>
     <span class='ocr_line' id='line_1_15' title="bbox 383 1054 1845 1113; baseline -0.003 -12"><span class='ocrx_word' id='word_1_125' title='bbox 383 1074 545 1102; x_wconf 89' lang='lat' dir='ltr'>sensum</span> <span class='ocrx_word' id='word_1_126' title='bbox 571 1059 762 1100; x_wconf 86' lang='lat' dir='ltr'>videntur</span> <span class='ocrx_word' id='word_1_127' title='bbox 786 1058 940 1099; x_wconf 88' lang='lat' dir='ltr'>habere</span> <span class='ocrx_word' id='word_1_128' title='bbox 969 1056 1219 1113; x_wconf 86' lang='lat' dir='ltr'>ambiguum,</span> <span class='ocrx_word' id='word_1_129' title='bbox 1251 1062 1293 1098; x_wconf 92' lang='lat' dir='ltr'>et</span> <span class='ocrx_word' id='word_1_130' title='bbox 1317 1056 1369 1097; x_wconf 90' lang='lat' dir='ltr'>ab</span> <span class='ocrx_word' id='word_1_131' title='bbox 1393 1054 1571 1110; x_wconf 83' lang='lat' dir='ltr'>antiquis</span> <span class='ocrx_word' id='word_1_132' title='bbox 1601 1055 1845 1097; x_wconf 86' lang='lat' dir='ltr'>Christianis</span> 
     </span>
     <span class='ocr_line' id='line_1_16' title="bbox 383 1120 1844 1177; baseline -0.003 -11"><span class='ocrx_word' id='word_1_133' title='bbox 383 1141 463 1166; x_wconf 91' lang='lat' dir='ltr'>non</span> <span class='ocrx_word' id='word_1_134' title='bbox 486 1125 660 1166; x_wconf 90' lang='lat' dir='ltr'>eundem</span> <span class='ocrx_word' id='word_1_135' title='bbox 680 1124 722 1164; x_wconf 91' lang='lat' dir='ltr'>in</span> <span class='ocrx_word' id='word_1_136' title='bbox 744 1123 907 1164; x_wconf 87' lang='lat' dir='ltr'>modum</span> <span class='ocrx_word' id='word_1_137' title='bbox 932 1128 1027 1163; x_wconf 89' lang='lat' dir='ltr'>sunt</span> <span class='ocrx_word' id='word_1_138' title='bbox 1049 1121 1245 1177; x_wconf 81' lang='lat' dir='ltr'>exposita,</span> <span class='ocrx_word' id='word_1_139' title='bbox 1269 1120 1458 1162; x_wconf 86' lang='lat' dir='ltr'>dubitant</span> <span class='ocrx_word' id='word_1_140' title='bbox 1479 1126 1551 1162; x_wconf 87' lang='lat' dir='ltr'>aut</span> <span class='ocrx_word' id='word_1_141' title='bbox 1572 1126 1726 1170; x_wconf 86' lang='lat' dir='ltr'>errant,</span> <span class='ocrx_word' id='word_1_142' title='bbox 1750 1135 1844 1177; x_wconf 91' lang='lat' dir='ltr'>sup-</span> 
     </span>
     <span class='ocr_line' id='line_1_17' title="bbox 382 1186 1845 1246; baseline -0.001 -15"><span class='ocrx_word' id='word_1_143' title='bbox 382 1190 511 1246; x_wconf 83' lang='lat' dir='ltr'>pliciis</span> <span class='ocrx_word' id='word_1_144' title='bbox 536 1190 604 1244; x_wconf 91' lang='lat' dir='ltr'>qui</span> <span class='ocrx_word' id='word_1_145' title='bbox 628 1194 879 1245; x_wconf 85' lang='lat' dir='ltr'>grassa-ntur,</span> <span class='ocrx_word' id='word_1_146' title='bbox 904 1187 1118 1244; x_wconf 90' lang='lat' dir='ltr'>perinique</span> <span class='ocrx_word' id='word_1_147' title='bbox 1140 1187 1317 1228; x_wconf 84' lang='lat' dir='ltr'>faciunt:</span> <span class='ocrx_word' id='word_1_148' title='bbox 1351 1186 1461 1240; x_wconf 88' lang='lat' dir='ltr'>quod</span> <span class='ocrx_word' id='word_1_149' title='bbox 1484 1187 1704 1228; x_wconf 88' lang='lat' dir='ltr'>ostendunt</span> <span class='ocrx_word' id='word_1_150' title='bbox 1728 1193 1770 1228; x_wconf 89' lang='lat' dir='ltr'>et</span> <span class='ocrx_word' id='word_1_151' title='bbox 1795 1202 1845 1230; x_wconf 81' lang='lat' dir='ltr'>ea,</span> 
     </span>
     <span class='ocr_line' id='line_1_18' title="bbox 383 1252 1844 1310; baseline -0.001 -14"><span class='ocrx_word' id='word_1_152' title='bbox 383 1270 475 1310; x_wconf 85' lang='lat' dir='ltr'>quae</span> <span class='ocrx_word' id='word_1_153' title='bbox 505 1260 601 1296; x_wconf 87' lang='lat' dir='ltr'>ante</span> <span class='ocrx_word' id='word_1_154' title='bbox 636 1254 827 1302; x_wconf 78' lang='lat' dir='ltr'>diximus,</span> <span class='ocrx_word' id='word_1_155' title='bbox 862 1260 904 1295; x_wconf 92' lang='lat' dir='ltr'>et</span> <span class='ocrx_word' id='word_1_156' title='bbox 934 1253 1175 1294; x_wconf 82' lang='lat' dir='ltr'>Judaeorum</span> <span class='ocrx_word' id='word_1_157' title='bbox 1211 1252 1441 1308; x_wconf 91' lang='lat' dir='ltr'>exemplum</span> <span class='ocrx_word' id='word_1_158' title='bbox 1466 1257 1596 1294; x_wconf 86' lang='lat' dir='ltr'>vetus.</span> <span class='ocrx_word' id='word_1_159' title='bbox 1653 1252 1765 1294; x_wconf 88' lang='lat' dir='ltr'>Nam</span> <span class='ocrx_word' id='word_1_160' title='bbox 1800 1253 1844 1294; x_wconf 92' lang='lat' dir='ltr'>hi</span> 
     </span>
    </p>
   </div>
   <div class='ocr_carea' id='block_1_3' title="bbox 384 1369 1088 1947">
    <p class='ocr_par' dir='ltr' id='par_1_3' title="bbox 384 1369 1084 1707">
     <span class='ocr_line' id='line_1_19' title="bbox 443 1369 1082 1407; baseline -0.008 -6"><span class='ocrx_word' id='word_1_161' title='bbox 443 1371 454 1393; x_wconf 72' lang='lat' dir='ltr'>f</span> <span class='ocrx_word' id='word_1_162' title='bbox 472 1372 569 1401; x_wconf 76' lang='lat' dir='ltr'><strong><em>Philo</em></strong></span> <span class='ocrx_word' id='word_1_163' title='bbox 591 1369 819 1407; x_wconf 81' lang='lat' dir='ltr'>commemorat]</span> <span class='ocrx_word' id='word_1_164' title='bbox 850 1370 888 1398; x_wconf 94' lang='lat' dir='ltr'>In</span> <span class='ocrx_word' id='word_1_165' title='bbox 912 1369 1082 1407; x_wconf 78' lang='lat' dir='ltr'>legatione,</span> 
     </span>
     <span class='ocr_line' id='line_1_20' title="bbox 385 1418 1081 1461; baseline -0.01 -8"><span class='ocrx_word' id='word_1_166' title='bbox 385 1423 521 1461; x_wconf 83' lang='lat' dir='ltr'>(p.1035</span> <span class='ocrx_word' id='word_1_167' title='bbox 536 1421 585 1459; x_wconf 83' lang='grc' dir='ltr'>Ε.)</span> <span class='ocrx_word' id='word_1_168' title='bbox 607 1420 757 1449; x_wconf 85' lang='lat' dir='ltr'>Similiter</span> <span class='ocrx_word' id='word_1_169' title='bbox 778 1423 811 1448; x_wconf 84' lang='lat' dir='ltr'>et</span> <span class='ocrx_word' id='word_1_170' title='bbox 825 1420 906 1447; x_wconf 88' lang='lat' dir='ltr'>libro</span> <span class='ocrx_word' id='word_1_171' title='bbox 927 1419 965 1447; x_wconf 91' lang='lat' dir='ltr'>de</span> <span class='ocrx_word' id='word_1_172' title='bbox 986 1418 1081 1446; x_wconf 85' lang='lat' dir='ltr'>saeri-</span> 
     </span>
     <span class='ocr_line' id='line_1_21' title="bbox 384 1468 1083 1507; baseline -0.009 -6"><span class='ocrx_word' id='word_1_173' title='bbox 384 1472 560 1507; x_wconf 84' lang='lat' dir='ltr'>ficantibus,</span> <span class='ocrx_word' id='word_1_174' title='bbox 594 1470 728 1498; x_wconf 80' lang='lat' dir='ltr'>facunde</span> <span class='ocrx_word' id='word_1_175' title='bbox 757 1468 895 1497; x_wconf 87' lang='lat' dir='ltr'>ostendit</span> <span class='ocrx_word' id='word_1_176' title='bbox 928 1470 1083 1505; x_wconf 87' lang='lat' dir='ltr'>quantum</span> 
     </span>
     <span class='ocr_line' id='line_1_22' title="bbox 385 1517 1081 1560; baseline -0.009 -10"><span class='ocrx_word' id='word_1_177' title='bbox 385 1530 553 1560; x_wconf 76' lang='lat' dir='ltr'>synagogae</span> <span class='ocrx_word' id='word_1_178' title='bbox 571 1520 688 1548; x_wconf 85' lang='lat' dir='ltr'>distent</span> <span class='ocrx_word' id='word_1_179' title='bbox 703 1528 721 1547; x_wconf 85' lang='lat' dir='ltr'>a</span> <span class='ocrx_word' id='word_1_180' title='bbox 734 1518 896 1556; x_wconf 83' lang='lat' dir='ltr'>paganicis</span> <span class='ocrx_word' id='word_1_181' title='bbox 915 1517 1081 1555; x_wconf 81' lang='lat' dir='ltr'>mysteriis,</span> 
     </span>
     <span class='ocr_line' id='line_1_23' title="bbox 387 1567 1082 1611; baseline -0.012 -9"><span class='ocrx_word' id='word_1_182' title='bbox 387 1572 476 1611; x_wconf 79' lang='lat' dir='ltr'>(pag.</span> <span class='ocrx_word' id='word_1_183' title='bbox 490 1571 558 1607; x_wconf 80' lang='lat'>856,</span> <span class='ocrx_word' id='word_1_184' title='bbox 579 1570 654 1608; x_wconf 66' lang='lat' dir='ltr'>Sto.)</span> <span class='ocrx_word' id='word_1_185' title='bbox 694 1570 797 1598; x_wconf 88' lang='lat' dir='ltr'>Locus</span> <span class='ocrx_word' id='word_1_186' title='bbox 816 1571 949 1605; x_wconf 85' lang='lat' dir='ltr'>uterque</span> <span class='ocrx_word' id='word_1_187' title='bbox 969 1567 1082 1604; x_wconf 83' lang='lat' dir='ltr'>dignus</span> 
     </span>
     <span class='ocr_line' id='line_1_24' title="bbox 385 1617 1084 1659; baseline -0.009 -9"><span class='ocrx_word' id='word_1_188' title='bbox 385 1621 506 1659; x_wconf 83' lang='lat' dir='ltr'>inspici.</span> <span class='ocrx_word' id='word_1_189' title='bbox 551 1620 657 1649; x_wconf 86' lang='lat' dir='ltr'>Simile</span> <span class='ocrx_word' id='word_1_190' title='bbox 675 1619 771 1647; x_wconf 85' lang='lat' dir='ltr'>habet</span> <span class='ocrx_word' id='word_1_191' title='bbox 791 1618 871 1646; x_wconf 84' lang='lat' dir='ltr'>libro</span> <span class='ocrx_word' id='word_1_192' title='bbox 889 1617 989 1646; x_wconf 87' lang='lat' dir='ltr'>altero</span> <span class='ocrx_word' id='word_1_193' title='bbox 1010 1625 1084 1645; x_wconf 89' lang='lat' dir='ltr'>eon-</span> 
     </span>
     <span class='ocr_line' id='line_1_25' title="bbox 385 1666 820 1707; baseline -0.007 -9"><span class='ocrx_word' id='word_1_194' title='bbox 385 1672 435 1698; x_wconf 88' lang='lat' dir='ltr'>tra</span> <span class='ocrx_word' id='word_1_195' title='bbox 450 1668 633 1707; x_wconf 88' lang='lat' dir='ltr'>Appionem</span> <span class='ocrx_word' id='word_1_196' title='bbox 650 1666 820 1704; x_wconf 84' lang='lat' dir='ltr'>Josephus.</span> 
     </span>
    </p>

    <p class='ocr_par' dir='ltr' id='par_1_4' title="bbox 385 1715 1088 1947">
     <span class='ocr_line' id='line_1_26' title="bbox 445 1715 1084 1753; baseline -0.006 -7"><span class='ocrx_word' id='word_1_197' title='bbox 445 1725 460 1746; x_wconf 80' lang='lat' dir='ltr'>g</span> <span class='ocrx_word' id='word_1_198' title='bbox 483 1718 702 1748; x_wconf 72' lang='lat' dir='ltr'>Constantinus</span> <span class='ocrx_word' id='word_1_199' title='bbox 720 1715 860 1753; x_wconf 80' lang='lat' dir='ltr'>Licinio]</span> <span class='ocrx_word' id='word_1_200' title='bbox 883 1715 965 1745; x_wconf 84' lang='lat' dir='ltr'>Vide</span> <span class='ocrx_word' id='word_1_201' title='bbox 982 1716 1084 1743; x_wconf 87' lang='lat' dir='ltr'>Zona-</span> 
     </span>
     <span class='ocr_line' id='line_1_27' title="bbox 385 1765 1084 1802; baseline -0.007 -5"><span class='ocrx_word' id='word_1_202' title='bbox 385 1778 464 1797; x_wconf 85' lang='lat' dir='ltr'>ram.</span> <span class='ocrx_word' id='word_1_203' title='bbox 516 1768 622 1796; x_wconf 86' lang='lat' dir='ltr'>Simile</span> <span class='ocrx_word' id='word_1_204' title='bbox 650 1767 728 1794; x_wconf 90' lang='lat' dir='ltr'>illud</span> <span class='ocrx_word' id='word_1_205' title='bbox 757 1766 841 1802; x_wconf 85' lang='lat' dir='ltr'>apud</span> <span class='ocrx_word' id='word_1_206' title='bbox 867 1765 1084 1802; x_wconf 83' lang='lat' dir='ltr'>Augustinum</span> 
     </span>
     <span class='ocr_line' id='line_1_28' title="bbox 387 1814 1086 1855; baseline -0.006 -9"><span class='ocrx_word' id='word_1_207' title='bbox 387 1818 479 1855; x_wconf 85' lang='lat' dir='ltr'>epist.</span> <span class='ocrx_word' id='word_1_208' title='bbox 496 1826 527 1846; x_wconf 83' lang='lat' dir='ltr'>L.</span> <span class='ocrx_word' id='word_1_209' title='bbox 567 1816 786 1845; x_wconf 70' lang='lat' dir='ltr'>DIarimimzus</span> <span class='ocrx_word' id='word_1_210' title='bbox 805 1815 966 1852; x_wconf 76' lang='lat' dir='ltr'>episcopus</span> <span class='ocrx_word' id='word_1_211' title='bbox 990 1814 1086 1852; x_wconf 57' lang='grc' dir='ltr'><em>Πιθί-</em></span> 
     </span>
     <span class='ocr_line' id='line_1_29' title="bbox 387 1863 1085 1903; baseline -0.007 -7"><span class='ocrx_word' id='word_1_212' title='bbox 387 1868 468 1896; x_wconf 77' lang='lat' dir='ltr'>ensis</span> <span class='ocrx_word' id='word_1_213' title='bbox 476 1867 578 1895; x_wconf 53' lang='lat' dir='ltr'>aus-ili</span> <span class='ocrx_word' id='word_1_214' title='bbox 582 1876 629 1894; x_wconf 80' lang='lat' dir='ltr'>um</span> <span class='ocrx_word' id='word_1_215' title='bbox 634 1865 714 1903; x_wconf 75' lang='lat' dir='ltr'>petit</span> <span class='ocrx_word' id='word_1_216' title='bbox 723 1865 762 1893; x_wconf 84' lang='lat' dir='ltr'>ab</span> <span class='ocrx_word' id='word_1_217' title='bbox 774 1865 966 1901; x_wconf 79' lang='lat' dir='ltr'>Imperatore</span> <span class='ocrx_word' id='word_1_218' title='bbox 976 1863 1085 1892; x_wconf 79' lang='lat' dir='ltr'>Chris-</span> 
     </span>
     <span class='ocr_line' id='line_1_30' title="bbox 388 1912 1088 1947; baseline -0.01 -1"><span class='ocrx_word' id='word_1_219' title='bbox 388 1917 473 1946; x_wconf 78' lang='lat' dir='ltr'>tiano</span> <span class='ocrx_word' id='word_1_220' title='bbox 489 1919 596 1946; x_wconf 79' lang='lat' dir='ltr'>contra</span> <span class='ocrx_word' id='word_1_221' title='bbox 608 1916 708 1944; x_wconf 78' lang='lat' dir='ltr'>hostes</span> <span class='ocrx_word' id='word_1_222' title='bbox 721 1914 867 1947; x_wconf 80' lang='lat' dir='ltr'>ecclesice,</span> <span class='ocrx_word' id='word_1_223' title='bbox 889 1923 947 1941; x_wconf 78' lang='lat' dir='ltr'>non</span> <span class='ocrx_word' id='word_1_224' title='bbox 962 1916 1025 1941; x_wconf 79' lang='lat' dir='ltr'>tam</span> <span class='ocrx_word' id='word_1_225' title='bbox 1039 1912 1088 1940; x_wconf 73' lang='lat' dir='ltr'>sui</span> 
     </span>
    </p>
   </div>
   <div class='ocr_carea' id='block_1_4' title="bbox 1148 1369 1851 1951">
    <p class='ocr_par' dir='ltr' id='par_1_5' title="bbox 1148 1369 1847 1504">
     <span class='ocr_line' id='line_1_31' title="bbox 1148 1369 1847 1407; baseline 0.003 -10"><span class='ocrx_word' id='word_1_226' title='bbox 1148 1369 1315 1398; x_wconf 80' lang='lat' dir='ltr'>ulciscendi</span> <span class='ocrx_word' id='word_1_227' title='bbox 1337 1378 1443 1404; x_wconf 76' lang='lat' dir='ltr'>causa,</span> <span class='ocrx_word' id='word_1_228' title='bbox 1462 1379 1555 1407; x_wconf 82' lang='lat' dir='ltr'>quam</span> <span class='ocrx_word' id='word_1_229' title='bbox 1573 1369 1692 1398; x_wconf 78' lang='lat' dir='ltr'>tnendoe</span> <span class='ocrx_word' id='word_1_230' title='bbox 1711 1371 1847 1399; x_wconf 78' lang='lat' dir='ltr'>ecclesioe</span> 
     </span>
     <span class='ocr_line' id='line_1_32' title="bbox 1148 1417 1847 1449; baseline 0.004 -4"><span class='ocrx_word' id='word_1_231' title='bbox 1148 1418 1208 1445; x_wconf 78' lang='lat' dir='ltr'>sibi</span> <span class='ocrx_word' id='word_1_232' title='bbox 1232 1417 1367 1446; x_wconf 78' lang='lat' dir='ltr'>creclitoe.</span> <span class='ocrx_word' id='word_1_233' title='bbox 1409 1417 1559 1446; x_wconf 85' lang='lat' dir='ltr'>Relatum</span> <span class='ocrx_word' id='word_1_234' title='bbox 1585 1421 1634 1448; x_wconf 85' lang='lat' dir='ltr'>est</span> <span class='ocrx_word' id='word_1_235' title='bbox 1660 1418 1693 1447; x_wconf 89' lang='lat' dir='ltr'>in</span> <span class='ocrx_word' id='word_1_236' title='bbox 1721 1428 1847 1449; x_wconf 84' lang='lat' dir='ltr'>eausam</span> 
     </span>
     <span class='ocr_line' id='line_1_33' title="bbox 1149 1467 1520 1504; baseline 0.003 -9"><span class='ocrx_word' id='word_1_237' title='bbox 1149 1475 1255 1496; x_wconf 82' lang='lat' dir='ltr'>xxm.</span> <span class='ocrx_word' id='word_1_238' title='bbox 1272 1470 1382 1504; x_wconf 87' lang='lat' dir='ltr'>quaest.</span> <span class='ocrx_word' id='word_1_239' title='bbox 1394 1467 1438 1496; x_wconf 86' lang='lat' dir='ltr'>iii.</span> <span class='ocrx_word' id='word_1_240' title='bbox 1455 1476 1481 1496; x_wconf 88' lang='lat' dir='ltr'>c.</span> <span class='ocrx_word' id='word_1_241' title='bbox 1491 1468 1520 1496; x_wconf 84' lang='lat'>2.</span> 
     </span>
    </p>

    <p class='ocr_par' dir='ltr' id='par_1_6' title="bbox 1149 1516 1847 1596">
     <span class='ocr_line' id='line_1_34' title="bbox 1208 1516 1847 1555; baseline 0.008 -11"><span class='ocrx_word' id='word_1_242' title='bbox 1208 1516 1222 1536; x_wconf 77' lang='lat' dir='ltr'>h</span> <span class='ocrx_word' id='word_1_243' title='bbox 1258 1516 1326 1545; x_wconf 80' lang='lat' dir='ltr'>Alii</span> <span class='ocrx_word' id='word_1_244' title='bbox 1354 1516 1481 1555; x_wconf 76' lang='lat' dir='ltr'>Persis]</span> <span class='ocrx_word' id='word_1_245' title='bbox 1519 1517 1601 1547; x_wconf 78' lang='lat' dir='ltr'>Vide</span> <span class='ocrx_word' id='word_1_246' title='bbox 1636 1518 1847 1549; x_wconf 85' lang='lat' dir='ltr'>Menandrum</span> 
     </span>
     <span class='ocr_line' id='line_1_35' title="bbox 1149 1567 1379 1596; baseline 0.004 -1"><span class='ocrx_word' id='word_1_247' title='bbox 1149 1567 1379 1596; x_wconf 87' lang='lat' dir='ltr'>Protectorem.</span> 
     </span>
    </p>

    <p class='ocr_par' dir='ltr' id='par_1_7' title="bbox 1149 1615 1851 1951">
     <span class='ocr_line' id='line_1_36' title="bbox 1209 1615 1848 1657; baseline 0.008 -14"><span class='ocrx_word' id='word_1_248' title='bbox 1209 1615 1222 1632; x_wconf 79' lang='grc'>3</span> <span class='ocrx_word' id='word_1_249' title='bbox 1243 1616 1280 1644; x_wconf 89' lang='lat' dir='ltr'>In</span> <span class='ocrx_word' id='word_1_250' title='bbox 1296 1616 1376 1644; x_wconf 85' lang='lat' dir='ltr'>hane</span> <span class='ocrx_word' id='word_1_251' title='bbox 1390 1624 1454 1645; x_wconf 88' lang='lat' dir='ltr'>rem</span> <span class='ocrx_word' id='word_1_252' title='bbox 1470 1616 1621 1646; x_wconf 83' lang='lat' dir='ltr'>habemus</span> <span class='ocrx_word' id='word_1_253' title='bbox 1641 1618 1759 1656; x_wconf 85' lang='lat' dir='ltr'>scripta</span> <span class='ocrx_word' id='word_1_254' title='bbox 1774 1619 1848 1657; x_wconf 88' lang='lat' dir='ltr'>plu-</span> 
     </span>
     <span class='ocr_line' id='line_1_37' title="bbox 1149 1664 1850 1704; baseline 0.006 -12"><span class='ocrx_word' id='word_1_255' title='bbox 1149 1664 1230 1693; x_wconf 87' lang='lat' dir='ltr'>rima</span> <span class='ocrx_word' id='word_1_256' title='bbox 1243 1665 1300 1693; x_wconf 89' lang='lat' dir='ltr'>sub</span> <span class='ocrx_word' id='word_1_257' title='bbox 1315 1664 1410 1694; x_wconf 87' lang='lat' dir='ltr'>finem</span> <span class='ocrx_word' id='word_1_258' title='bbox 1430 1666 1536 1694; x_wconf 83' lang='lat' dir='ltr'>saeeuli</span> <span class='ocrx_word' id='word_1_259' title='bbox 1555 1666 1697 1703; x_wconf 84' lang='lat' dir='ltr'>proxime</span> <span class='ocrx_word' id='word_1_260' title='bbox 1716 1671 1850 1704; x_wconf 86' lang='lat' dir='ltr'>praeter-</span> 
     </span>
     <span class='ocr_line' id='line_1_38' title="bbox 1150 1714 1847 1752; baseline 0.004 -10"><span class='ocrx_word' id='word_1_261' title='bbox 1150 1714 1198 1749; x_wconf 87' lang='lat' dir='ltr'>iti,</span> <span class='ocrx_word' id='word_1_262' title='bbox 1220 1717 1252 1742; x_wconf 92' lang='lat' dir='ltr'>et</span> <span class='ocrx_word' id='word_1_263' title='bbox 1271 1714 1330 1743; x_wconf 87' lang='lat' dir='ltr'>hoe</span> <span class='ocrx_word' id='word_1_264' title='bbox 1347 1714 1427 1752; x_wconf 85' lang='lat' dir='ltr'>ipso,</span> <span class='ocrx_word' id='word_1_265' title='bbox 1447 1724 1510 1752; x_wconf 91' lang='lat' dir='ltr'>quo</span> <span class='ocrx_word' id='word_1_266' title='bbox 1532 1715 1672 1751; x_wconf 80' lang='lat' dir='ltr'>vivimus,</span> <span class='ocrx_word' id='word_1_267' title='bbox 1693 1715 1725 1744; x_wconf 89' lang='lat' dir='ltr'>in</span> <span class='ocrx_word' id='word_1_268' title='bbox 1743 1716 1847 1745; x_wconf 87' lang='lat' dir='ltr'>lucem</span> 
     </span>
     <span class='ocr_line' id='line_1_39' title="bbox 1152 1764 1849 1802; baseline 0.001 -9"><span class='ocrx_word' id='word_1_269' title='bbox 1152 1764 1245 1799; x_wconf 83' lang='lat' dir='ltr'>edita,</span> <span class='ocrx_word' id='word_1_270' title='bbox 1268 1764 1413 1802; x_wconf 84' lang='lat' dir='ltr'>Anglice,</span> <span class='ocrx_word' id='word_1_271' title='bbox 1435 1764 1557 1801; x_wconf 84' lang='lat' dir='ltr'>Latine,</span> <span class='ocrx_word' id='word_1_272' title='bbox 1579 1765 1752 1802; x_wconf 88' lang='lat' dir='ltr'>praesertim</span> <span class='ocrx_word' id='word_1_273' title='bbox 1769 1765 1849 1795; x_wconf 83' lang='lat' dir='ltr'>Gal-</span> 
     </span>
     <span class='ocr_line' id='line_1_40' title="bbox 1151 1813 1851 1852; baseline 0.006 -12"><span class='ocrx_word' id='word_1_274' title='bbox 1151 1814 1222 1846; x_wconf 90' lang='lat' dir='ltr'>]ice,</span> <span class='ocrx_word' id='word_1_275' title='bbox 1246 1816 1278 1841; x_wconf 91' lang='lat' dir='ltr'>et</span> <span class='ocrx_word' id='word_1_276' title='bbox 1296 1813 1339 1841; x_wconf 86' lang='lat' dir='ltr'>sie</span> <span class='ocrx_word' id='word_1_277' title='bbox 1361 1814 1436 1842; x_wconf 87' lang='lat' dir='ltr'>satis</span> <span class='ocrx_word' id='word_1_278' title='bbox 1458 1817 1558 1851; x_wconf 80' lang='lat' dir='ltr'>nota3</span> <span class='ocrx_word' id='word_1_279' title='bbox 1578 1815 1612 1842; x_wconf 93' lang='lat' dir='ltr'>in</span> <span class='ocrx_word' id='word_1_280' title='bbox 1633 1815 1756 1852; x_wconf 89' lang='lat' dir='ltr'>quibus,</span> <span class='ocrx_word' id='word_1_281' title='bbox 1776 1815 1851 1844; x_wconf 81' lang='lat' dir='ltr'>luce</span> 
     </span>
     <span class='ocr_line' id='line_1_41' title="bbox 1151 1863 1849 1901; baseline 0.004 -11"><span class='ocrx_word' id='word_1_282' title='bbox 1151 1863 1323 1891; x_wconf 84' lang='lat' dir='ltr'>meridiana</span> <span class='ocrx_word' id='word_1_283' title='bbox 1357 1863 1480 1899; x_wconf 86' lang='lat' dir='ltr'>elarius,</span> <span class='ocrx_word' id='word_1_284' title='bbox 1513 1864 1762 1893; x_wconf 86' lang='lat' dir='ltr'>demonstratum</span> <span class='ocrx_word' id='word_1_285' title='bbox 1791 1868 1849 1901; x_wconf 85' lang='lat' dir='ltr'>est,</span> 
     </span>
     <span class='ocr_line' id='line_1_42' title="bbox 1152 1912 1848 1951; baseline 0.006 -12"><span class='ocrx_word' id='word_1_286' title='bbox 1152 1913 1320 1948; x_wconf 83' lang='lat' dir='ltr'>neminem,</span> <span class='ocrx_word' id='word_1_287' title='bbox 1343 1912 1518 1951; x_wconf 81' lang='lat' dir='ltr'>Religionis</span> <span class='ocrx_word' id='word_1_288' title='bbox 1533 1923 1651 1949; x_wconf 82' lang='lat' dir='ltr'>caussa,</span> <span class='ocrx_word' id='word_1_289' title='bbox 1670 1914 1735 1943; x_wconf 90' lang='lat' dir='ltr'>ullo</span> <span class='ocrx_word' id='word_1_290' title='bbox 1754 1914 1848 1944; x_wconf 89' lang='lat' dir='ltr'>modo</span> 
     </span>
    </p>
   </div>
   <div class='ocr_carea' id='block_1_5' title="bbox 803 2008 1431 2015">
    <p class='ocr_par' dir='ltr' id='par_1_8' title="bbox 803 2008 1431 2015">
     <span class='ocr_line' id='line_1_43' title="bbox 803 2008 1431 2015; baseline 0 0"><span class='ocrx_word' id='word_1_291' title='bbox 803 2008 1431 2015; x_wconf 95' lang='lat' dir='ltr'> </span> 
     </span>
    </p>
   </div>
   <div class='ocr_carea' id='block_1_6' title="bbox 388 2077 1851 2861">
    <p class='ocr_par' dir='ltr' id='par_1_9' title="bbox 388 2077 1851 2351">
     <span class='ocr_line' id='line_1_44' title="bbox 388 2077 1849 2128; baseline -0.003 -11"><span class='ocrx_word' id='word_1_292' title='bbox 388 2082 591 2128; x_wconf 84' lang='lat' dir='ltr'>superiors:</span> <span class='ocrx_word' id='word_1_293' title='bbox 623 2092 693 2115; x_wconf 88' lang='lat' dir='ltr'>nor</span> <span class='ocrx_word' id='word_1_294' title='bbox 713 2091 776 2114; x_wconf 87' lang='lat' dir='ltr'>are</span> <span class='ocrx_word' id='word_1_295' title='bbox 800 2079 1013 2114; x_wconf 88' lang='lat' dir='ltr'>assemblies</span> <span class='ocrx_word' id='word_1_296' title='bbox 1039 2078 1081 2113; x_wconf 89' lang='lat' dir='ltr'>of</span> <span class='ocrx_word' id='word_1_297' title='bbox 1101 2079 1267 2112; x_wconf 82' lang='lat' dir='ltr'>virtuous</span> <span class='ocrx_word' id='word_1_298' title='bbox 1288 2089 1374 2112; x_wconf 88' lang='lat' dir='ltr'>men</span> <span class='ocrx_word' id='word_1_299' title='bbox 1399 2082 1438 2112; x_wconf 90' lang='lat' dir='ltr'>to</span> <span class='ocrx_word' id='word_1_300' title='bbox 1459 2077 1506 2112; x_wconf 90' lang='lat' dir='ltr'>be</span> <span class='ocrx_word' id='word_1_301' title='bbox 1526 2077 1667 2120; x_wconf 83' lang='lat' dir='ltr'>feared,</span> <span class='ocrx_word' id='word_1_302' title='bbox 1698 2077 1779 2112; x_wconf 86' lang='lat' dir='ltr'>who</span> <span class='ocrx_word' id='word_1_303' title='bbox 1801 2078 1849 2112; x_wconf 93' lang='lat' dir='ltr'>do</span> 
     </span>
     <span class='ocr_line' id='line_1_45' title="bbox 388 2134 1850 2181; baseline -0.003 -8"><span class='ocrx_word' id='word_1_304' title='bbox 388 2143 455 2173; x_wconf 88' lang='lat' dir='ltr'>not</span> <span class='ocrx_word' id='word_1_305' title='bbox 482 2139 570 2173; x_wconf 88' lang='lat' dir='ltr'>seek</span> <span class='ocrx_word' id='word_1_306' title='bbox 590 2142 628 2172; x_wconf 91' lang='lat' dir='ltr'>to</span> <span class='ocrx_word' id='word_1_307' title='bbox 650 2141 750 2171; x_wconf 87' lang='lat' dir='ltr'>meet</span> <span class='ocrx_word' id='word_1_308' title='bbox 771 2137 809 2170; x_wconf 91' lang='lat' dir='ltr'>in</span> <span class='ocrx_word' id='word_1_309' title='bbox 826 2140 957 2177; x_wconf 84' lang='lat' dir='ltr'>secret,</span> <span class='ocrx_word' id='word_1_310' title='bbox 977 2140 1109 2180; x_wconf 83' lang='lat' dir='ltr'>except</span> <span class='ocrx_word' id='word_1_311' title='bbox 1129 2135 1218 2179; x_wconf 79' lang='lat' dir='ltr'>they</span> <span class='ocrx_word' id='word_1_312' title='bbox 1238 2146 1301 2169; x_wconf 91' lang='lat' dir='ltr'>are</span> <span class='ocrx_word' id='word_1_313' title='bbox 1330 2134 1548 2181; x_wconf 86' lang='lat' dir='ltr'>compelled.</span> <span class='ocrx_word' id='word_1_314' title='bbox 1611 2135 1630 2168; x_wconf 95' lang='lat' dir='ltr'>I</span> <span class='ocrx_word' id='word_1_315' title='bbox 1655 2145 1738 2179; x_wconf 84' lang='lat' dir='ltr'>may</span> <span class='ocrx_word' id='word_1_316' title='bbox 1759 2134 1850 2169; x_wconf 89' lang='lat' dir='ltr'>here</span> 
     </span>
     <span class='ocr_line' id='line_1_46' title="bbox 389 2191 1850 2241; baseline -0.004 -11"><span class='ocrx_word' id='word_1_317' title='bbox 389 2196 504 2241; x_wconf 81' lang='lat' dir='ltr'>adopt</span> <span class='ocrx_word' id='word_1_318' title='bbox 522 2195 618 2228; x_wconf 82' lang='lat' dir='ltr'>what</span> <span class='ocrx_word' id='word_1_319' title='bbox 635 2195 821 2239; x_wconf 84' lang='lat' dir='ltr'>Augustus</span> <span class='ocrx_word' id='word_1_320' title='bbox 839 2193 929 2234; x_wconf 80' lang='lat' dir='ltr'>said,</span> <span class='ocrx_word' id='word_1_321' title='bbox 946 2204 985 2227; x_wconf 87' lang='lat' dir='ltr'>as</span> <span class='ocrx_word' id='word_1_322' title='bbox 1007 2191 1185 2226; x_wconf 85' lang='lat' dir='ltr'>recorded</span> <span class='ocrx_word' id='word_1_323' title='bbox 1203 2192 1251 2236; x_wconf 90' lang='lat' dir='ltr'>by</span> <span class='ocrx_word' id='word_1_324' title='bbox 1269 2191 1390 2229; x_wconf 85' lang='lat' dir='ltr'>Philo,</span> <span class='ocrx_word' id='word_1_325' title='bbox 1410 2191 1619 2236; x_wconf 86' lang='lat' dir='ltr'>respecting</span> <span class='ocrx_word' id='word_1_326' title='bbox 1634 2191 1697 2225; x_wconf 88' lang='lat' dir='ltr'>the</span> <span class='ocrx_word' id='word_1_327' title='bbox 1714 2202 1850 2225; x_wconf 86' lang='lat' dir='ltr'>assem-</span> 
     </span>
     <span class='ocr_line' id='line_1_47' title="bbox 389 2248 1851 2295; baseline -0.004 -8"><span class='ocrx_word' id='word_1_328' title='bbox 389 2253 481 2287; x_wconf 86' lang='lat' dir='ltr'>blies</span> <span class='ocrx_word' id='word_1_329' title='bbox 499 2252 541 2286; x_wconf 87' lang='lat' dir='ltr'>of</span> <span class='ocrx_word' id='word_1_330' title='bbox 552 2251 616 2285; x_wconf 91' lang='lat' dir='ltr'>the</span> <span class='ocrx_word' id='word_1_331' title='bbox 632 2251 656 2285; x_wconf 82' lang='lat' dir='ltr'><strong>J</strong></span> <span class='ocrx_word' id='word_1_332' title='bbox 659 2262 749 2291; x_wconf 87' lang='lat' dir='ltr'>ews;</span> <span class='ocrx_word' id='word_1_333' title='bbox 771 2250 853 2284; x_wconf 87' lang='lat' dir='ltr'>that</span> <span class='ocrx_word' id='word_1_334' title='bbox 869 2249 958 2295; x_wconf 86' lang='lat' dir='ltr'>they</span> <span class='ocrx_word' id='word_1_335' title='bbox 971 2260 1065 2283; x_wconf 87' lang='lat' dir='ltr'>were</span> <span class='ocrx_word' id='word_1_336' title='bbox 1083 2253 1149 2282; x_wconf 88' lang='lat' dir='ltr'>not</span> <span class='ocrx_word' id='word_1_337' title='bbox 1165 2248 1429 2282; x_wconf 79' lang='lat' dir='ltr'>bacchanalian</span> <span class='ocrx_word' id='word_1_338' title='bbox 1446 2248 1637 2294; x_wconf 84' lang='lat' dir='ltr'>meetings,</span> <span class='ocrx_word' id='word_1_339' title='bbox 1656 2258 1697 2282; x_wconf 91' lang='lat' dir='ltr'>or</span> <span class='ocrx_word' id='word_1_340' title='bbox 1715 2258 1851 2282; x_wconf 83' lang='lat' dir='ltr'>assem-</span> 
     </span>
     <span class='ocr_line' id='line_1_48' title="bbox 388 2305 1475 2351; baseline -0.005 -8"><span class='ocrx_word' id='word_1_341' title='bbox 388 2309 480 2344; x_wconf 92' lang='lat' dir='ltr'>blies</span> <span class='ocrx_word' id='word_1_342' title='bbox 501 2308 561 2342; x_wconf 87' lang='lat' dir='ltr'>for</span> <span class='ocrx_word' id='word_1_343' title='bbox 581 2307 788 2351; x_wconf 82' lang='lat' dir='ltr'>disturbing</span> <span class='ocrx_word' id='word_1_344' title='bbox 809 2307 872 2341; x_wconf 89' lang='lat' dir='ltr'>the</span> <span class='ocrx_word' id='word_1_345' title='bbox 890 2317 1014 2351; x_wconf 83' lang='lat' dir='ltr'>peace,</span> <span class='ocrx_word' id='word_1_346' title='bbox 1035 2306 1103 2339; x_wconf 87' lang='lat' dir='ltr'>but</span> <span class='ocrx_word' id='word_1_347' title='bbox 1119 2305 1263 2339; x_wconf 89' lang='lat' dir='ltr'>sehools</span> <span class='ocrx_word' id='word_1_348' title='bbox 1285 2305 1328 2338; x_wconf 85' lang='lat' dir='ltr'>of</span> <span class='ocrx_word' id='word_1_349' title='bbox 1346 2305 1475 2338; x_wconf 88' lang='lat' dir='ltr'>virtue.</span> 
     </span>
    </p>

    <p class='ocr_par' dir='ltr' id='par_1_10' title="bbox 388 2360 1851 2636">
     <span class='ocr_line' id='line_1_49' title="bbox 464 2360 1851 2408; baseline -0.003 -9"><span class='ocrx_word' id='word_1_350' title='bbox 464 2369 485 2399; x_wconf 85' lang='lat'>2</span> <span class='ocrx_word' id='word_1_351' title='bbox 529 2365 650 2399; x_wconf 86' lang='lat' dir='ltr'>Those</span> <span class='ocrx_word' id='word_1_352' title='bbox 667 2363 747 2397; x_wconf 89' lang='lat' dir='ltr'>who</span> <span class='ocrx_word' id='word_1_353' title='bbox 768 2368 962 2408; x_wconf 89' lang='lat' dir='ltr'>persecute</span> <span class='ocrx_word' id='word_1_354' title='bbox 983 2362 1084 2402; x_wconf 88' lang='lat' dir='ltr'>such,</span> <span class='ocrx_word' id='word_1_355' title='bbox 1106 2373 1169 2396; x_wconf 85' lang='lat' dir='ltr'>are</span> <span class='ocrx_word' id='word_1_356' title='bbox 1190 2361 1411 2396; x_wconf 82' lang='lat' dir='ltr'>themselves</span> <span class='ocrx_word' id='word_1_357' title='bbox 1424 2361 1540 2406; x_wconf 88' lang='lat' dir='ltr'>justly</span> <span class='ocrx_word' id='word_1_358' title='bbox 1555 2360 1786 2406; x_wconf 84' lang='lat' dir='ltr'>punishable,</span> <span class='ocrx_word' id='word_1_359' title='bbox 1810 2371 1851 2395; x_wconf 85' lang='lat' dir='ltr'>as</span> 
     </span>
     <span class='ocr_line' id='line_1_50' title="bbox 389 2417 1851 2465; baseline -0.004 -9"><span class='ocrx_word' id='word_1_360' title='bbox 389 2423 467 2457; x_wconf 83' lang='lat' dir='ltr'>also</span> <span class='ocrx_word' id='word_1_361' title='bbox 489 2422 649 2455; x_wconf 87' lang='lat' dir='ltr'>Thomas</span> <span class='ocrx_word' id='word_1_362' title='bbox 670 2420 833 2465; x_wconf 85' lang='lat' dir='ltr'>Aquinas</span> <span class='ocrx_word' id='word_1_363' title='bbox 854 2419 971 2453; x_wconf 88' lang='lat' dir='ltr'>holds.</span> <span class='ocrx_word' id='word_1_364' title='bbox 1024 2419 1109 2452; x_wconf 87' lang='lat' dir='ltr'>And</span> <span class='ocrx_word' id='word_1_365' title='bbox 1127 2429 1175 2452; x_wconf 93' lang='lat' dir='ltr'>on</span> <span class='ocrx_word' id='word_1_366' title='bbox 1191 2418 1273 2452; x_wconf 85' lang='lat' dir='ltr'>that</span> <span class='ocrx_word' id='word_1_367' title='bbox 1294 2422 1462 2458; x_wconf 80' lang='lat' dir='ltr'>account,</span> <span class='ocrx_word' id='word_1_368' title='bbox 1481 2418 1721 2451; x_wconf 86' lang='lat' dir='ltr'>Constantine</span> <span class='ocrx_word' id='word_1_369' title='bbox 1741 2417 1851 2451; x_wconf 87' lang='lat' dir='ltr'>made</span> 
     </span>
     <span class='ocr_line' id='line_1_51' title="bbox 389 2472 1851 2520; baseline -0.003 -8"><span class='ocrx_word' id='word_1_370' title='bbox 389 2490 465 2513; x_wconf 87' lang='lat' dir='ltr'>war</span> <span class='ocrx_word' id='word_1_371' title='bbox 489 2489 537 2512; x_wconf 92' lang='lat' dir='ltr'>on</span> <span class='ocrx_word' id='word_1_372' title='bbox 552 2477 725 2517; x_wconf 89' lang='lat' dir='ltr'>Licinius,</span> <span class='ocrx_word' id='word_1_373' title='bbox 743 2476 815 2510; x_wconf 87' lang='lat' dir='ltr'>and</span> <span class='ocrx_word' id='word_1_374' title='bbox 837 2475 944 2510; x_wconf 89' lang='lat' dir='ltr'>other</span> <span class='ocrx_word' id='word_1_375' title='bbox 961 2486 1148 2520; x_wconf 84' lang='lat' dir='ltr'>emperors</span> <span class='ocrx_word' id='word_1_376' title='bbox 1166 2486 1265 2519; x_wconf 90' lang='lat' dir='ltr'>upon</span> <span class='ocrx_word' id='word_1_377' title='bbox 1283 2475 1347 2509; x_wconf 89' lang='lat' dir='ltr'>the</span> <span class='ocrx_word' id='word_1_378' title='bbox 1367 2475 1538 2508; x_wconf 85' lang='lat' dir='ltr'>Persians</span> <span class='ocrx_word' id='word_1_379' title='bbox 1552 2486 1562 2515; x_wconf 91' lang='lat'>;</span> <span class='ocrx_word' id='word_1_380' title='bbox 1587 2473 1730 2519; x_wconf 84' lang='lat' dir='ltr'>though</span> <span class='ocrx_word' id='word_1_381' title='bbox 1746 2472 1851 2508; x_wconf 83' lang='lat' dir='ltr'>these</span> 
     </span>
     <span class='ocr_line' id='line_1_52' title="bbox 388 2529 1851 2579; baseline -0.004 -10"><span class='ocrx_word' id='word_1_382' title='bbox 388 2546 480 2569; x_wconf 86' lang='lat' dir='ltr'>wars</span> <span class='ocrx_word' id='word_1_383' title='bbox 496 2535 632 2579; x_wconf 85' lang='lat' dir='ltr'>belong</span> <span class='ocrx_word' id='word_1_384' title='bbox 650 2533 775 2567; x_wconf 85' lang='lat' dir='ltr'>rather</span> <span class='ocrx_word' id='word_1_385' title='bbox 794 2536 834 2567; x_wconf 87' lang='lat' dir='ltr'>to</span> <span class='ocrx_word' id='word_1_386' title='bbox 854 2532 918 2566; x_wconf 86' lang='lat' dir='ltr'>the</span> <span class='ocrx_word' id='word_1_387' title='bbox 940 2531 1092 2566; x_wconf 85' lang='lat' dir='ltr'>defense</span> <span class='ocrx_word' id='word_1_388' title='bbox 1113 2531 1156 2565; x_wconf 87' lang='lat' dir='ltr'>of</span> <span class='ocrx_word' id='word_1_389' title='bbox 1182 2531 1245 2565; x_wconf 85' lang='lat' dir='ltr'>the</span> <span class='ocrx_word' id='word_1_390' title='bbox 1270 2531 1457 2571; x_wconf 85' lang='lat' dir='ltr'>innocent,</span> <span class='ocrx_word' id='word_1_391' title='bbox 1479 2530 1521 2564; x_wconf 87' lang='lat' dir='ltr'>of</span> <span class='ocrx_word' id='word_1_392' title='bbox 1542 2530 1661 2565; x_wconf 87' lang='lat' dir='ltr'>which</span> <span class='ocrx_word' id='word_1_393' title='bbox 1681 2540 1735 2565; x_wconf 90' lang='lat' dir='ltr'>we</span> <span class='ocrx_word' id='word_1_394' title='bbox 1756 2529 1851 2565; x_wconf 80' lang='lat' dir='ltr'>shall</span> 
     </span>
     <span class='ocr_line' id='line_1_53' title="bbox 390 2587 1491 2636; baseline -0.005 -11"><span class='ocrx_word' id='word_1_395' title='bbox 390 2591 580 2626; x_wconf 87' lang='lat' dir='ltr'>hereafter</span> <span class='ocrx_word' id='word_1_396' title='bbox 599 2590 724 2636; x_wconf 83' lang='lat' dir='ltr'>speak‚</span> <span class='ocrx_word' id='word_1_397' title='bbox 741 2589 833 2623; x_wconf 84' lang='lat' dir='ltr'>than</span> <span class='ocrx_word' id='word_1_398' title='bbox 854 2593 892 2623; x_wconf 84' lang='lat' dir='ltr'>to</span> <span class='ocrx_word' id='word_1_399' title='bbox 910 2588 974 2622; x_wconf 89' lang='lat' dir='ltr'>the</span> <span class='ocrx_word' id='word_1_400' title='bbox 995 2588 1163 2622; x_wconf 85' lang='lat' dir='ltr'>exaction</span> <span class='ocrx_word' id='word_1_401' title='bbox 1181 2588 1224 2621; x_wconf 81' lang='lat' dir='ltr'>of</span> <span class='ocrx_word' id='word_1_402' title='bbox 1240 2587 1491 2633; x_wconf 84' lang='lat' dir='ltr'>punishment.</span> 
     </span>
    </p>

    <p class='ocr_par' dir='ltr' id='par_1_11' title="bbox 391 2642 1851 2861">
     <span class='ocr_line' id='line_1_54' title="bbox 463 2642 1850 2690; baseline -0.004 -8"><span class='ocrx_word' id='word_1_403' title='bbox 463 2649 506 2683; x_wconf 89' lang='lat' dir='ltr'>L.</span> <span class='ocrx_word' id='word_1_404' title='bbox 560 2652 576 2681; x_wconf 94' lang='lat'>1</span> <span class='ocrx_word' id='word_1_405' title='bbox 624 2648 699 2681; x_wconf 88' lang='lat' dir='ltr'>But</span> <span class='ocrx_word' id='word_1_406' title='bbox 722 2646 829 2680; x_wconf 88' lang='lat' dir='ltr'>those</span> <span class='ocrx_word' id='word_1_407' title='bbox 860 2650 920 2679; x_wconf 87' lang='lat' dir='ltr'>act</span> <span class='ocrx_word' id='word_1_408' title='bbox 950 2649 1046 2679; x_wconf 88' lang='lat' dir='ltr'>most</span> <span class='ocrx_word' id='word_1_409' title='bbox 1077 2644 1251 2690; x_wconf 84' lang='lat' dir='ltr'>unjustly,</span> <span class='ocrx_word' id='word_1_410' title='bbox 1280 2644 1361 2678; x_wconf 86' lang='lat' dir='ltr'>who</span> <span class='ocrx_word' id='word_1_411' title='bbox 1391 2646 1584 2689; x_wconf 80' lang='lat' dir='ltr'>persecute</span> <span class='ocrx_word' id='word_1_412' title='bbox 1614 2642 1688 2677; x_wconf 84' lang='lat' dir='ltr'>and</span> <span class='ocrx_word' id='word_1_413' title='bbox 1714 2642 1850 2688; x_wconf 87' lang='lat' dir='ltr'>punish</span> 
     </span>
     <span class='ocr_line' id='line_1_55' title="bbox 391 2699 1851 2747; baseline -0.003 -10"><span class='ocrx_word' id='word_1_414' title='bbox 391 2704 497 2738; x_wconf 87' lang='lat' dir='ltr'>those</span> <span class='ocrx_word' id='word_1_415' title='bbox 522 2704 615 2744; x_wconf 89' lang='lat' dir='ltr'>who,</span> <span class='ocrx_word' id='word_1_416' title='bbox 635 2703 743 2737; x_wconf 88' lang='lat' dir='ltr'>while</span> <span class='ocrx_word' id='word_1_417' title='bbox 769 2702 858 2747; x_wconf 82' lang='lat' dir='ltr'>they</span> <span class='ocrx_word' id='word_1_418' title='bbox 878 2702 967 2736; x_wconf 85' lang='lat' dir='ltr'>hold</span> <span class='ocrx_word' id='word_1_419' title='bbox 988 2701 1052 2735; x_wconf 85' lang='lat' dir='ltr'>the</span> <span class='ocrx_word' id='word_1_420' title='bbox 1073 2701 1141 2735; x_wconf 87' lang='lat' dir='ltr'>law</span> <span class='ocrx_word' id='word_1_421' title='bbox 1162 2701 1205 2735; x_wconf 85' lang='lat' dir='ltr'>of</span> <span class='ocrx_word' id='word_1_422' title='bbox 1231 2701 1353 2734; x_wconf 88' lang='lat' dir='ltr'>Christ</span> <span class='ocrx_word' id='word_1_423' title='bbox 1373 2711 1412 2734; x_wconf 86' lang='lat' dir='ltr'>as</span> <span class='ocrx_word' id='word_1_424' title='bbox 1439 2704 1533 2741; x_wconf 88' lang='lat' dir='ltr'>true,</span> <span class='ocrx_word' id='word_1_425' title='bbox 1562 2699 1650 2745; x_wconf 82' lang='lat' dir='ltr'>only</span> <span class='ocrx_word' id='word_1_426' title='bbox 1670 2699 1787 2734; x_wconf 89' lang='lat' dir='ltr'>doubt</span> <span class='ocrx_word' id='word_1_427' title='bbox 1807 2709 1851 2733; x_wconf 87' lang='lat' dir='ltr'>or</span> 
     </span>
     <span class='ocr_line' id='line_1_56' title="bbox 392 2755 1849 2804; baseline -0.001 -13"><span class='ocrx_word' id='word_1_428' title='bbox 392 2770 452 2792; x_wconf 84' lang='lat' dir='ltr'>err</span> <span class='ocrx_word' id='word_1_429' title='bbox 471 2760 694 2804; x_wconf 85' lang='lat' dir='ltr'>concerning</span> <span class='ocrx_word' id='word_1_430' title='bbox 714 2770 815 2794; x_wconf 91' lang='lat' dir='ltr'>some</span> <span class='ocrx_word' id='word_1_431' title='bbox 843 2758 967 2803; x_wconf 84' lang='lat' dir='ltr'>things</span> <span class='ocrx_word' id='word_1_432' title='bbox 995 2757 1114 2791; x_wconf 89' lang='lat' dir='ltr'>which</span> <span class='ocrx_word' id='word_1_433' title='bbox 1144 2768 1207 2791; x_wconf 88' lang='lat' dir='ltr'>are</span> <span class='ocrx_word' id='word_1_434' title='bbox 1228 2757 1347 2791; x_wconf 81' lang='lat' dir='ltr'>either</span> <span class='ocrx_word' id='word_1_435' title='bbox 1372 2760 1592 2791; x_wconf 82' lang='lat' dir='ltr'>extraneous</span> <span class='ocrx_word' id='word_1_436' title='bbox 1616 2760 1655 2790; x_wconf 90' lang='lat' dir='ltr'>to</span> <span class='ocrx_word' id='word_1_437' title='bbox 1681 2755 1745 2790; x_wconf 92' lang='lat' dir='ltr'>the</span> <span class='ocrx_word' id='word_1_438' title='bbox 1769 2755 1849 2795; x_wconf 81' lang='lat' dir='ltr'>law,</span> 
     </span>
     <span class='ocr_line' id='line_1_57' title="bbox 393 2812 1849 2861; baseline -0.003 -13"><span class='ocrx_word' id='word_1_439' title='bbox 393 2824 436 2848; x_wconf 90' lang='lat' dir='ltr'>or</span> <span class='ocrx_word' id='word_1_440' title='bbox 455 2815 566 2861; x_wconf 81' lang='lat' dir='ltr'>being</span> <span class='ocrx_word' id='word_1_441' title='bbox 585 2817 622 2850; x_wconf 90' lang='lat' dir='ltr'>in</span> <span class='ocrx_word' id='word_1_442' title='bbox 645 2816 708 2851; x_wconf 88' lang='lat' dir='ltr'>the</span> <span class='ocrx_word' id='word_1_443' title='bbox 727 2816 807 2857; x_wconf 85' lang='lat' dir='ltr'>law,</span> <span class='ocrx_word' id='word_1_444' title='bbox 833 2826 934 2850; x_wconf 89' lang='lat' dir='ltr'>seem</span> <span class='ocrx_word' id='word_1_445' title='bbox 959 2818 997 2850; x_wconf 90' lang='lat' dir='ltr'>to</span> <span class='ocrx_word' id='word_1_446' title='bbox 1023 2814 1116 2850; x_wconf 81' lang='lat' dir='ltr'>have</span> <span class='ocrx_word' id='word_1_447' title='bbox 1142 2825 1190 2848; x_wconf 89' lang='lat' dir='ltr'>an</span> <span class='ocrx_word' id='word_1_448' title='bbox 1215 2814 1431 2859; x_wconf 84' lang='lat' dir='ltr'>ambiguous</span> <span class='ocrx_word' id='word_1_449' title='bbox 1452 2824 1569 2853; x_wconf 87' lang='lat' dir='ltr'>sense,</span> <span class='ocrx_word' id='word_1_450' title='bbox 1600 2812 1671 2846; x_wconf 85' lang='lat' dir='ltr'>and</span> <span class='ocrx_word' id='word_1_451' title='bbox 1693 2821 1755 2846; x_wconf 87' lang='lat' dir='ltr'>are</span> <span class='ocrx_word' id='word_1_452' title='bbox 1782 2814 1849 2845; x_wconf 86' lang='lat' dir='ltr'>not</span> 
     </span>
    </p>
   </div>
  </div>
 </body>
</html>
