2018 3204
1583 188 1663 228 185

207 196 297 231 CAP.
318 195 440 239 XVI.]
634 197 702 231 DE
733 196 1231 232 INTERPRETATIONE.

207 320 289 349 non
320 304 431 354 item,
465 303 541 346 nisi
575 309 647 346 aut
676 309 838 361 tempus
869 304 922 346 sit
956 319 1208 360 expressum,
1240 309 1313 347 aut
1340 303 1467 361 jussio
1500 303 1667 346 tacitam

209 371 523 428 prohibitionem
547 371 763 412 contineat.
827 371 942 412 inter
963 385 1031 411 eas
1061 369 1279 426 pactiones,
1305 385 1397 427 quae
1424 370 1668 426 supradictis

210 437 475 492 qualitatibus
492 451 612 492 pares
630 442 736 485 sunt,
757 441 802 477 ut
824 435 1071 491 praeferatur
1092 437 1201 491 quod
1220 437 1349 494 magis
1368 442 1429 478 est
1450 435 1666 491 peculiare,

211 508 253 544 et
287 502 340 544 ad
377 517 465 543 rem
501 501 670 557 propius
704 501 886 543 accedit:
921 516 1016 542 nam
1056 502 1187 544 solent
1222 502 1412 558 specialia
1444 501 1670 543 efficaciora

210 582 298 609 esse
321 567 606 624 generalibus:
632 572 673 608 et
696 567 737 607 in
761 566 1114 622 prohibitionibus,
1137 574 1184 610 ut
1205 582 1297 623 quae
1318 582 1478 624 poenam
1502 566 1668 622 adjunc-

210 638 294 674 tam
324 633 462 682 habet,
496 633 533 674 ei
557 647 648 688 quae
675 646 795 688 poena
819 638 950 681 vacat,
987 638 1030 674 et
1058 647 1150 689 quae
1180 634 1377 689 majorem
1405 647 1567 689 poenam
1595 632 1669 673 mi-

210 703 344 747 natur,
378 698 426 747 ei,
457 713 549 753 quae
581 698 790 746 minorem,
823 698 1079 753 praeferatur.
1151 700 1255 740 Tum
1283 714 1394 748 vero,
1425 705 1472 740 ut
1503 703 1669 754 superet

211 764 320 819 quod
344 778 485 805 causas
509 764 633 805 habet
657 770 729 805 aut
751 764 882 820 magis
905 764 1112 813 honestas,
1145 770 1218 806 aut
1239 764 1369 821 magis
1393 764 1523 805 utiles.
1582 763 1669 803 Ex-

210 836 342 871 tremo
365 830 465 879 loco,
491 835 537 871 ut
560 830 691 885 ⁵quod
716 835 921 884 postremo
945 829 1097 870 dictum
1123 835 1184 871 est
1208 829 1356 871 vineat.

313 897 339 936 2
384 895 493 937 Illud
517 910 568 937 ex
592 894 869 951 superioribus
892 894 956 935 hic
975 895 1244 950 repetendum
1270 901 1343 944 est,
1369 899 1580 950 pactorum
1597 893 1668 949 ju-

210 966 396 1003 ratorum
420 975 509 1002 eam
532 975 618 1002 esse
643 960 735 1008 vim,
761 965 807 1001 ut
838 959 1010 1016 intelligi
1034 960 1211 1002 debeant
1234 961 1454 1002 secundum
1478 959 1671 1015 receptis-

211 1026 354 1068 simam
388 1025 699 1082 proprietatem,
730 1031 772 1066 et
798 1030 845 1066 ut
877 1039 1015 1066 omnes
1045 1026 1323 1068 restrictiones
1352 1025 1510 1075 tacitas,
1543 1032 1585 1067 et
1619 1039 1671 1066 ex

210 1098 361 1133 natura
392 1092 453 1133 rei
480 1106 561 1133 non
592 1091 754 1132 omnino
785 1091 1050 1140 necessarias,
1079 1106 1201 1147 quam
1228 1092 1405 1133 maxime
1439 1090 1671 1147 repudient.

214 1158 355 1207 Quare
391 1162 433 1198 et
470 1157 504 1198 si
531 1156 716 1212 juratum
753 1162 917 1212 pactum
953 1171 1043 1198 cum
1080 1172 1161 1199 non
1189 1157 1331 1213 jurato
1365 1163 1522 1214 pugnet
1556 1162 1669 1198 certo

211 1228 375 1271 eventu,
400 1222 741 1278 mpraeferendum
762 1221 841 1263 erit
861 1221 949 1263 6cui
973 1223 1091 1264 adest
1109 1223 1377 1279 jurisjurandi
1401 1222 1558 1279 religio.

310 1289 449 1331 XXX,
520 1288 635 1330 Solet
663 1293 705 1330 et
735 1288 812 1329 hoc
835 1287 978 1343 quaeri,
1010 1303 1063 1330 an
1092 1289 1133 1330 in
1163 1289 1286 1330 dubio
1316 1294 1548 1330 contractus
1577 1302 1671 1343 per-

209 1411 288 1441 sioni
305 1411 488 1450 particulari
501 1421 509 1448 3
522 1414 559 1440 ut
570 1411 608 1440 ad
625 1412 905 1440 Purnsnonrmn

209 1462 408 1490 observatum
425 1464 486 1490 est·
521 1460 556 1490 J.
572 1461 613 1490 B.

269 1510 282 1528 ⁵
303 1511 428 1549 Regula
444 1511 499 1538 illa
513 1511 581 1539 heic
597 1519 659 1538 non
673 1510 753 1538 bene
768 1511 906 1546 aptatur.

212 1560 273 1589 llla
287 1560 369 1589 enim
391 1560 486 1593 valet,
506 1559 559 1588 ubi
581 1560 761 1587 omnimoda
781 1562 813 1587 et
834 1568 907 1596 per-

210 1613 308 1648 petua
330 1612 378 1638 est
398 1609 607 1647 repugnantia
632 1609 714 1638 inter
742 1612 908 1646 utramque

211 1661 334 1696 partem
357 1658 485 1695 scripti:
513 1666 609 1695 quum
638 1657 706 1686 heic
728 1661 842 1695 agatur
869 1657 907 1685 de

1034 1418 1054 1433 m
1072 1413 1308 1451 Prajserenclum
1317 1412 1376 1441 crit
1387 1413 1437 1441 cui
1444 1411 1531 1440 adest
1533 1409 1634 1447 jurisj
1636 1419 1670 1437 u—

975 1463 1070 1492 randi
1085 1463 1212 1502 rcliyio]
1229 1463 1386 1491 Acontius
1400 1462 1485 1500 apud
1502 1460 1669 1490 Ovidium:

975 1522 1099 1547 Promisit
1111 1524 1186 1553 pater
1197 1522 1266 1546 hauc
1277 1531 1281 1546 2
1299 1522 1355 1545 haec
1367 1523 1393 1545 et
1401 1521 1501 1552 Juraw't
1513 1520 1614 1545 amanti
1629 1527 1634 1543 :

1005 1563 1056 1588 Ille
1068 1564 1195 1593 homines,
1209 1564 1265 1587 hrt-c
1276 1565 1315 1587 est
1326 1563 1463 1587 testificata
1475 1563 1568 1586 Deam.

976 1605 1027 1629 liic
1039 1605 1133 1629 metuit
1145 1605 1269 1633 mendax,
1282 1605 1338 1628 haec
1350 1606 1375 1628 et
1387 1605 1494 1634 perjura
1502 1604 1588 1627 vocari
1599 1612 1604 1627 z

1004 1647 1079 1672 Num
1091 1646 1204 1675 dubitas,
1218 1646 1260 1669 hic
1271 1646 1304 1669 sit
1313 1646 1407 1676 major,
1419 1652 1453 1669 an
1466 1645 1510 1669 ille
1522 1645 1631 1669 metus?

1098 1692 1214 1730 (Epist.
1231 1692 1363 1720 Heroid.
1379 1700 1442 1721 xx.
1454 1692 1521 1721 159.
1535 1694 1563 1720 ct
1577 1691 1674 1729 seqq.)

1033 1742 1047 1759 ⁶
1068 1743 1137 1771 Hoc
1152 1741 1263 1770 nititur
1277 1742 1357 1770 falsa
1370 1741 1545 1778 hypothesi,
1561 1741 1599 1770 de
1611 1750 1674 1778 qua

973 1801 1029 1821 suo
1044 1792 1113 1820 loeo
1129 1790 1317 1820 monuimus.
1359 1789 1394 1819 J.
1410 1790 1452 1819 B.

211 1708 372 1737 collisione
409 1708 438 1735 in
482 1707 576 1736 certis
612 1710 735 1736 tantum
775 1707 908 1735 casibus.

213 1757 310 1786 Plura
330 1757 469 1785 dicemus
489 1757 520 1784 in
537 1756 629 1785 Notis
645 1756 760 1785 nostris
777 1755 907 1785 Gallicis

212 1807 251 1836 ad
267 1807 350 1836 hunc
364 1806 479 1835 locum.
522 1806 557 1835 J.
572 1806 613 1835 B.

213 1967 379 2003 contains
400 1977 422 2000 a
443 1966 532 2000 tacit
551 1964 800 2012 prohibition:

284 2025 459 2059 Between
475 2023 581 2057 those
602 2026 706 2068 pacts
727 2021 847 2055 which
873 2032 936 2055 are
964 2020 1072 2066 equal
1093 2020 1130 2053 in
1160 2019 1224 2055 the
1249 2019 1365 2054 above
1392 2020 1574 2066 qualities,
1594 2020 1677 2055 that

213 2082 244 2116 is
271 2085 309 2115 to
336 2081 384 2115 be
408 2080 600 2126 preferred
621 2078 738 2113 which
759 2079 788 2112 is
818 2089 921 2113 more
946 2077 1123 2123 peculiar,
1150 2077 1224 2111 and
1250 2087 1373 2111 comes
1394 2088 1526 2111 nearer
1546 2081 1585 2112 to
1612 2077 1676 2112 the

213 2138 340 2183 thing:
372 2137 432 2172 for
459 2136 597 2183 special
625 2136 855 2181 expressions
884 2146 947 2169 are
977 2133 1188 2179 commonly
1216 2144 1319 2167 more
1350 2134 1555 2168 efficacious
1585 2134 1677 2169 than

213 2195 384 2241 general:

284 2252 329 2286 In
349 2250 605 2297 prohibitions,
628 2249 710 2283 that
731 2248 850 2282 which
874 2247 940 2282 has
961 2259 983 2281 a
1003 2247 1155 2293 penalty
1172 2246 1293 2280 added
1315 2246 1344 2280 is
1362 2249 1400 2281 to
1417 2246 1464 2281 be
1485 2246 1677 2293 preferred

216 2312 254 2343 to
273 2308 354 2342 that
371 2307 487 2342 which
509 2307 574 2341 has
600 2310 677 2346 not,
698 2305 768 2339 and
789 2305 870 2339 that
896 2304 983 2338 with
1001 2304 1064 2338 the
1085 2309 1232 2349 greater
1247 2303 1410 2349 penalty,
1431 2308 1469 2338 to
1491 2304 1572 2339 that
1589 2304 1678 2339 with

216 2365 280 2399 the
300 2365 392 2398 less:

289 2420 385 2454 That
411 2420 440 2454 is
461 2423 498 2453 to
520 2419 567 2453 be
587 2418 778 2465 preferred
797 2418 916 2453 which
944 2422 1037 2453 rests
1057 2429 1158 2464 upon
1179 2428 1306 2453 causes
1324 2428 1427 2452 more
1449 2417 1678 2453 honourable

217 2488 260 2512 or
280 2487 382 2511 more
403 2476 544 2510 useful:

290 2533 429 2578 Lastly,
447 2532 528 2566 that
548 2531 665 2566 which
686 2543 758 2566 was
779 2532 849 2566 last
870 2531 948 2566 said
969 2531 1034 2566 has
1055 2535 1152 2565 most
1172 2530 1306 2576 weight
1315 2531 1346 2565 *.

291 2594 311 2624 2
342 2590 409 2623 We
430 2593 528 2622 must
545 2593 674 2633 repeat
696 2588 777 2623 that
798 2600 898 2623 some
916 2593 1019 2633 pacts
1037 2599 1100 2622 are
1117 2594 1155 2622 to
1174 2588 1220 2622 bc
1237 2586 1463 2621 understood
1481 2587 1679 2633 according

218 2651 257 2682 to
284 2646 348 2681 the
369 2650 464 2680 most
490 2645 657 2679 received
675 2646 864 2691 propriety
889 2645 931 2679 of
948 2645 1140 2689 language,
1169 2643 1404 2689 repudiating
1425 2643 1473 2676 all
1494 2644 1584 2678 tacit
1605 2644 1680 2678 and

219 2713 464 2747 unnecessary
488 2702 725 2736 restrictions.
772 2701 936 2735 thnce
957 2701 989 2734 if
1006 2712 1027 2734 a
1047 2711 1165 2735 sworn
1182 2704 1267 2745 pact
1284 2701 1329 2734 be
1347 2705 1385 2733 at
1402 2700 1574 2735 variance
1590 2700 1680 2735 with

219 2772 266 2795 an
287 2769 458 2794 unsworn
479 2769 550 2793 one
577 2759 613 2791 in
635 2770 657 2792 a
678 2758 818 2792 certain
840 2761 959 2798 event,
979 2757 1060 2791 that
1084 2758 1112 2791 is
1137 2761 1176 2791 to
1196 2757 1243 2791 be
1264 2756 1456 2802 preferred
1475 2756 1592 2792 which
1612 2757 1679 2792 has

218 2817 282 2852 the
304 2816 470 2851 sanction
487 2815 528 2849 of
547 2826 594 2849 an
614 2814 713 2849 oath.

291 2873 420 2908 XXX.
472 2873 507 2906 It
529 2872 557 2906 is
575 2872 651 2906 also
676 2872 782 2906 made
805 2883 826 2906 a
851 2872 1032 2917 question,
1054 2869 1234 2906 Whether
1255 2870 1292 2904 iu
1313 2881 1335 2904 a
1355 2870 1529 2906 doubtful
1551 2882 1635 2907 case
1657 2882 1680 2906 a

395 2945 411 2962 '¹
436 2945 612 2984 Barbeyrac
628 2945 777 2975 observes
796 2944 865 2974 that
883 2944 944 2973 iliis
959 2944 1019 2974 last
1035 2944 1102 2973 rirle
1119 2944 1143 2973 is
1155 2946 1211 2973 out
1226 2943 1261 2973 of
1273 2943 1362 2982 place
1377 2944 1462 2973 here.
