2018 3204
69 245 173 270 Palilic.
187 243 232 268 vii.

69 276 106 299 14.

77 1353 137 1377 Lib⁴
152 1352 177 1377 ii.
192 1353 214 1377 1.

285 112 368 154 246
880 118 947 151 DE
979 116 1160 151 POENIS.
1592 110 1686 158 [Lm.
1703 112 1756 147 11.

286 238 455 272 natura
476 230 610 271 evenit
634 236 681 269 ut
706 228 854 269 melior
876 226 1064 281 sequiori
1086 226 1276 279 imperet.
1346 223 1402 265 Et
1434 222 1676 264 Aristoteles
1699 221 1758 265 ait

288 296 495 338 deteriora
516 300 751 349 comparata
771 307 858 333 esse
878 291 919 331 in
943 305 1060 332 usum
1084 290 1312 339 meliorum,
1343 294 1428 331 tam
1451 288 1493 330 in
1517 287 1580 330 his
1610 302 1702 344 quae
1730 302 1756 330 a

288 368 438 404 natura
460 367 565 412 sunt,
588 373 710 414 quam
735 372 827 412 quae
849 357 902 398 ab
926 363 1028 397 arte.

390 429 417 468 2
466 426 540 467 Cui
570 437 819 478 consequens
852 427 926 472 est,
958 428 1004 463 ut
1035 420 1178 462 saltem
1211 420 1264 463 ab
1295 435 1412 476 aeque
1442 425 1616 462 nocente
1639 434 1756 476 aeque

293 507 443 534 nocens
467 490 603 546 puniri
626 504 708 530 non
732 489 905 530 debeat:
940 502 1021 542 quo
1044 486 1198 529 Christi
1216 486 1418 528 sententia
1442 486 1647 541 pertinet:
1680 487 1756 542 qui

293 564 476 600 vestrum
507 557 596 597 sine
616 563 793 609 peccato
821 562 882 596 est
906 553 995 607 (tali
1019 552 1186 606 scilicet)
1211 554 1408 607 primum
1440 553 1628 607 lapidem
1659 553 1756 593 mic-

296 632 373 671 τατ,
399 624 427 664 J
431 623 494 663 oh.
516 621 599 662 viii.
624 622 662 664 7.
720 620 841 670 Quod
860 619 952 660 ideo
973 618 1089 668 dixit,
1110 618 1205 673 quia
1226 632 1272 658 eo
1297 618 1443 659 saeculo
1462 616 1757 673 corruptissimi

293 694 413 730 erant
447 688 691 729 Judaeorum
727 700 873 734 mores,
909 685 1012 726 adeo
1044 690 1091 725 ut
1126 683 1196 739 qui
1227 683 1467 724 sanctissimi
1493 683 1623 724 videri
1646 683 1756 724 vole-

293 756 404 806 bant,
430 754 472 795 in
496 752 707 794 adulteriis
740 757 782 793 et
806 750 1001 792 similibus
1032 749 1196 806 flagitiis
1219 749 1517 798 volutarentur,
1546 754 1593 790 ut
1615 748 1757 790 videre

293 827 356 862 est
391 822 506 861 Rom.
531 819 571 859 ii.
600 820 669 860 22.
735 818 851 858 ldem
883 831 983 873 ergo
1012 816 1121 871 quod
1156 815 1343 857 Christus
1375 815 1550 863 dixerat,
1581 813 1685 855 dixit
1715 820 1758 856 et

292 886 536 941 Apostolus:
582 892 844 939 quapropter
881 882 1194 924 inexcusabilis
1234 896 1287 929 es,
1327 895 1350 922 o
1385 882 1518 929 homo,
1564 881 1759 935 quisquis

294 954 436 993 alium
460 953 644 992 dammas
661 967 674 991 .·
705 966 809 991 nam
832 951 908 991 hoc
932 951 1025 1004 ipso
1047 949 1160 1002 quod
1182 949 1368 988 damnas
1393 947 1590 994 alteram,
1628 953 1666 987 te
1693 947 1758 1001 ip-

294 1034 388 1058 sum
407 1019 674 1064 condemnas,
697 1017 869 1070 quando
892 1016 1038 1056 cadem
1050 1014 1177 1068 facis
1197 1021 1242 1054 tu
1261 1014 1336 1068 qui
1354 1013 1542 1054 alterum
1560 1013 1757 1053 dammas.

296 1084 403 1123 Illud
440 1083 605 1124 Senecae
640 1083 719 1122 hue
751 1081 956 1136 pertinet:
993 1095 1080 1121 ozon
1107 1087 1249 1134 potest
1286 1079 1419 1119 ullam
1453 1079 1760 1119 auctoritatem

294 1150 448 1190 habere
472 1150 693 1197 sententia,
724 1149 799 1188 ubi
823 1148 898 1201 qui
922 1147 1198 1187 damnandus
1227 1152 1286 1186 est
1316 1146 1510 1185 damnat.
1569 1144 1625 1184 Et
1650 1142 1758 1192 alibi,

294 1216 452 1267 ⁴¹fitcz'et
486 1229 560 1255 nos
589 1214 894 1255 moderatiores
925 1219 1137 1266 respectus
1168 1211 1318 1258 nostri,
1355 1211 1395 1251 si
1425 1210 1760 1251 consuluerimus

294 1295 381 1326 nos,
408 1282 428 1308 g
434 1281 644 1333 numquid
667 1287 706 1319 et
730 1280 817 1332 ipsi
841 1279 1012 1330 aliquid
1036 1277 1120 1317 tale
1145 1276 1430 1317 commisimus
1449 1275 1471 1315 ,Ρ
1521 1273 1762 1315 Ambrosius

295 1345 485 1401 apologia
508 1344 706 1385 Davidis:
731 1344 1028 1397 'cozztsquisque
1052 1343 1104 1382 de
1122 1342 1211 1382 alio
1225 1341 1511 1394 judicaturus
1534 1341 1586 1381 de
1605 1355 1647 1381 se
1667 1341 1761 1394 ipso

287 1413 483 1466 primum
506 1411 688 1464 judicet,
722 1424 799 1450 nec
823 1409 995 1449 minora
1018 1409 1065 1448 in
1098 1407 1188 1448 alio
1216 1414 1366 1448 errata
1391 1407 1632 1448 condemnet
1667 1419 1762 1447 cum

296 1478 386 1531 ipse
407 1477 620 1531 ι(χνοιυὶονα
642 1475 914 1516 οοηυηὶεενὶτ.

399 1543 474 1585 IV.
536 1543 560 1582 1
609 1541 754 1582 Altera
775 1538 946 1595 quaestio
971 1543 1033 1580 est
1055 1537 1106 1579 de
1130 1537 1210 1579 fine
1233 1536 1364 1593 poenis
1384 1535 1606 1592 propositO.
1654 1537 1763 1577 Nam

298 1622 389 1662 quse
414 1607 588 1648 diximus
611 1607 810 1647 hactenus
834 1605 875 1646 id
900 1605 1103 1645 duntaxat
1132 1603 1365 1651 ostendunt,
1397 1602 1638 1644 nocentibus
1660 1601 1764 1657 inju-

298 1673 401 1714 riam
434 1688 515 1713 non
541 1671 630 1714 fieri
653 1672 687 1712 si
717 1670 954 1727 puniantur.
1024 1669 1128 1711 Inde
1150 1684 1249 1711 vero
1281 1683 1362 1710 non
1386 1667 1570 1724 sequitur
1601 1667 1763 1709 omnino

356 1787 370 1804 4
390 1787 577 1815 Praecedens
604 1787 694 1815 locus
721 1785 850 1814 ubinam
884 1787 998 1820 exstet,
1064 1784 1142 1822 peri,
1164 1784 1300 1822 priorem
1322 1783 1426 1812 locum
1448 1792 1511 1811 non
1534 1792 1601 1812 esse
1618 1782 1763 1811 Philoso-

299 1837 438 1865 divinare
462 1845 605 1873 nequeo:
636 1835 761 1863 Auctor
785 1834 866 1862 enim
896 1843 998 1871 neque
1065 1834 1130 1871 phi,
1154 1834 1208 1862 sed
1228 1833 1312 1861 illius
1333 1833 1387 1871 qui
1408 1834 1560 1862 mentitus
1582 1835 1630 1861 est
1650 1841 1765 1861 nomen

299 1885 377 1920 heic,
393 1893 496 1922 neque
508 1884 537 1911 in
550 1882 818 1912 Adnotationibus
830 1883 868 1910 ad
882 1882 999 1911 Joann.
1067 1883 1203 1918 Senecae,
1224 1882 1256 1910 in
1275 1882 1355 1910 libro
1375 1881 1426 1910 De
1440 1882 1598 1911 Remediz‘s
1609 1882 1766 1920 fortuito-

299 1935 362 1963 viii.
378 1936 407 1964 7.
432 1934 486 1962 ubi
504 1933 619 1961 similes
636 1932 804 1969 congessit,
826 1931 925 1959 ullum
949 1931 997 1959 in·
1066 1940 1144 1966 rum,
1158 1931 1242 1958 unde
1253 1931 1412 1968 Exeerpta
1426 1932 1567 1968 sunjeeta
1581 1932 1675 1960 etiam
1688 1932 1764 1960 Edi-

301 1985 415 2013 dicium
454 1985 472 2011 (ι
497 1986 517 2019 t,
556 1983 639 2011 unde
673 1981 856 2018 investigari
891 1984 997 2018 queat.
1066 1980 1204 2008 tionibus
1225 1979 1323 2017 Lipsii
1345 1982 1377 2007 et
1400 1980 1570 2016 Gronovii3
1599 1981 1651 2009 ubi
1672 1980 1765 2010 facile

301 2035 362 2062 Hie
377 2037 481 2062 autem
497 2033 615 2070 legitur
634 2031 685 2059 De
700 2031 768 2065 Ira,
790 2031 859 2058 Lib.
876 2039 913 2059 Π.
930 2039 998 2067 cap.
1061 2029 1128 2066 jam
1144 2031 1191 2056 est
1213 2028 1352 2057 invenire
1374 2028 1441 2056 haec
1459 2029 1563 2065 verba,
1585 2038 1682 2067 quum
1698 2029 1765 2057 Ex-

299 2086 348 2113 28.
390 2083 453 2112 Sed
477 2086 549 2121 post
563 2082 696 2120 primam
711 2080 891 2109 Editionem
914 2088 999 2108 eom·
1067 2081 1177 2116 cerpta
1190 2077 1296 2106 brevia
1309 2077 1381 2107 sint.
1423 2077 1460 2106 J.
1473 2077 1515 2107 B.

374 2249 394 2279 2
425 2246 460 2279 It
480 2245 634 2286 follows,
653 2256 691 2280 as
713 2257 735 2279 a
756 2255 1009 2290 consequence
1027 2244 1070 2278 of
1089 2244 1173 2284 this,
1190 2243 1273 2278 that
1293 2243 1357 2277 the
1378 2241 1545 2277 offender
1565 2240 1681 2286 ought
1698 2244 1765 2276 not

302 2306 340 2336 to
360 2303 406 2336 be
424 2302 605 2348 punished
626 2303 676 2348 by
697 2314 767 2337 one
793 2302 874 2336 who
900 2302 965 2336 has
987 2301 1160 2336 offended
1177 2300 1335 2346 equally,
1361 2311 1400 2334 as
1422 2299 1546 2334 Christ
1569 2298 1659 2339 said,
1675 2298 1762 2333 Joh.

302 2360 375 2394 viii.
398 2363 429 2399 7,
453 2360 509 2393 He
531 2360 605 2393 that
621 2360 650 2394 is
670 2360 817 2393 without
835 2360 890 2393 sin
911 2370 1041 2403 among]
1057 2370 1130 2404 you
1148 2356 1247 2400 (that
1267 2358 1308 2398 is,
1325 2356 1416 2391 such
1436 2354 1509 2398 sin)
1533 2356 1576 2390 Zet
1602 2355 1675 2389 him
1691 2361 1765 2390 cast

303 2417 355 2450 the
376 2418 462 2462 first
487 2423 592 2451 stone.
647 2416 728 2450 And
759 2416 832 2450 this
866 2416 913 2450 he
944 2416 1034 2456 said,
1065 2415 1129 2449 the
1154 2415 1251 2449 Jews
1277 2414 1388 2458 being
1412 2424 1502 2458 very
1526 2411 1665 2446 wicked
1690 2412 1765 2446 and

303 2473 516 2507 adulterous
549 2477 587 2507 at
612 2473 694 2508 that
718 2474 819 2514 time,
844 2474 952 2507 Rom.
973 2473 1009 2506 ii.
1036 2476 1104 2512 223
1134 2471 1256 2506 where
1281 2471 1346 2505 the
1371 2469 1525 2515 Apostle
1555 2480 1637 2515 says
1666 2469 1766 2503 what

304 2529 427 2564 Christ
440 2530 514 2564 had
528 2530 615 2565 said.
665 2531 808 2564 Seneca
824 2541 905 2576 says
926 2529 990 2564 the
1010 2540 1133 2570 same3
1155 2528 1228 2562 and
1249 2527 1441 2568 Ambrose,
1458 2527 1497 2560 in
1521 2525 1586 2560 the
1606 2526 1766 2571 apology

304 2587 346 2619 of
366 2587 499 2621 David.

373 2643 439 2678 IV.
490 2649 508 2678 1
541 2643 709 2678 Another
727 2644 897 2689 question
922 2644 950 2678 is
969 2643 1011 2677 of
1027 2643 1091 2677 the
1111 2642 1196 2676 End
1217 2642 1259 2676 of
1277 2641 1527 2687 punishment.
1573 2640 1648 2673 For
1667 2638 1765 2672 what

302 2698 367 2732 has
389 2699 482 2734 been
510 2701 587 2735 said
612 2701 775 2735 hitherto
798 2701 885 2746 only
905 2712 1036 2746 proves
1065 2699 1147 2734 that
1167 2704 1431 2744 transgressors
1451 2697 1546 2731 have
1570 2707 1619 2730 no
1640 2705 1766 2739 wrong

304 2755 400 2788 done
421 2756 523 2790 them
545 2758 577 2791 if
592 2757 681 2803 they
701 2769 764 2792 are
781 2757 976 2802 punished.
1029 2758 1104 2790 But
1120 2756 1217 2790 from
1241 2756 1334 2795 that,
1354 2755 1383 2789 it
1404 2755 1492 2788 does
1512 2758 1579 2787 not
1598 2762 1764 2786 necessa-

303 2811 374 2855 rily
391 2811 512 2845 follow
530 2813 611 2847 that
630 2814 717 2859 they
735 2819 832 2848 must
847 2815 892 2848 be
906 2813 1100 2859 punished.
1150 2814 1230 2847 Nor
1247 2813 1275 2846 is
1293 2813 1322 2846 it
1343 2821 1558 2855 necessary3
1579 2809 1638 2842 for
1654 2818 1765 2851 many

305 2867 487 2901 offenders
505 2880 567 2903 are
588 2871 777 2914 pardoned
794 2871 851 2904 for
872 2882 981 2916 many
1001 2870 1122 2914 things
1143 2869 1234 2904 both
1250 2869 1299 2915 by
1322 2867 1405 2903 God
1423 2867 1494 2901 and
1513 2867 1562 2912 by
1578 2875 1675 2905 men>
1691 2863 1764 2897 and
