2018 3204
182 99 271 134 CAr.
292 98 400 142 XX]
764 101 832 135 DE
864 102 1042 136 POENIS.
1553 98 1636 140 337

180 205 288 248 inter
322 210 479 247 ceteras
513 206 637 248 allata
667 207 761 249 belli
797 207 1127 264 Peloponnesiaci
1160 207 1267 250 inter
1297 208 1567 250 Athenienses
1590 214 1632 251 et
1650 221 1739 247 Thac.
1754 221 1771 246 i.
1786 222 1839 252 126,

1649 257 1699 277 etc.

180 270 521 321 Lacedaemonios,
559 279 602 314 et
640 287 666 313 a
707 272 900 328 Philippo
941 274 1166 316 Macedone
1206 274 1248 315 in
1289 275 1543 316 Phocenses:
1579 275 1629 315 dc
1648 287 1846 341 22⁰⁶·2‘¹‘i·⁶⁰·

178 349 350 391 quorum
385 337 596 394 sacrilegio
630 337 688 379 sic
721 338 935 379 Justinus:
972 342 1084 394 quod
1119 341 1246 382 Orbis
1269 341 1435 382 viribus
1459 341 1631 395 expiari
1649 335 1814 378 Lib-viim-

177 403 334 444 debuit.
406 402 688 459 Hieronymus
724 403 777 444 ad
814 403 996 445 Danielis
1032 421 1071 447 v.
1148 407 1369 457 Quamdiu
1405 421 1513 447 vasa
1528 407 1629 460 fice-
1648 418 1769 448 12-58113-

175 476 279 509 runt
321 469 369 509 in
404 470 539 510 idolio
576 470 828 523 Babylonis,
865 484 948 511 non
980 479 1039 512 est
1076 472 1220 513 iratus
1254 473 1468 513 Dominus
1499 472 1630 524 (vide-

178 533 338 575 bantur
380 535 490 575 enim
524 549 612 575 rem
648 536 736 576 Dei
769 536 995 576 secundum
1035 551 1228 591 pravam
1263 539 1432 592 quidem
1467 539 1628 594 opinio-

174 613 280 647 nem,
329 607 470 641 tamen
515 601 662 641 divino
708 601 846 642 cultui
890 604 1168 656 consecrasse)
1205 611 1440 658 postquam
1486 611 1629 645 autem

174 665 374 707 humanis
407 666 560 707 usibus
604 667 759 708 divina
805 668 1112 716 contaminant,
1151 670 1300 710 statim
1324 683 1458 723 poena
1491 670 1628 722 sequi-

175 737 247 771 tur
283 739 384 785 post
430 732 718 786 saerileyium.
788 731 992 773 Nimirum
1038 739 1081 775 et
1126 733 1381 790 Augustinus
1423 733 1628 775 existimat

167 795 359 838 ‘⁵auctum
383 810 409 838 a
431 797 522 839 Deo
557 796 773 853 imperium
797 798 1089 848 Romanorum,
1115 799 1223 855 quod
1248 798 1360 840 cordi
1383 798 1461 840 illis
1484 798 1628 841 fuisset

171 925 216 952 ies
233 923 356 954 odisse:
379 925 520 963 alioquin
540 925 607 963 ipse
625 925 686 954 sibi
706 925 778 954 odio
798 925 867 954 erit.

171 973 217 1002 M.
248 974 431 1003 Antoninus
456 975 537 1003 libro
564 984 611 1004 xx.
642 974 673 1013 (ξ
697 977 747 1004 11.
774 974 865 1004 Edit.

173 1022 311 1061 Galak.)
337 1025 365 1052 εἰ
386 1024 443 1060 μὲν
465 1024 611 1060 δύνασαι,
632 1024 864 1061 μεταόίόασκε.

170 1073 198 1101 εὶ
225 1073 259 1101 δὲ
286 1072 341 1110 μή,
364 1073 520 1111 μέμνησο,
541 1073 594 1102 ὅτι
616 1074 699 1112 πρὸς
720 1074 823 1103 τοῦτο
846 1073 864 1109 ἠ

171 1121 318 1158 εὐμένειιί
334 1134 387 1151 σοι
402 1122 550 1152 δέδοται·
571 1122 623 1151 καὶ
639 1122 669 1151 οὶ
685 1122 750 1152 θεοὶ
765 1123 798 1151 δὲ
813 1124 863 1151 εὐ-

167 1174 275 1208 μενεῖς
297 1175 371 1201 τοῖς
398 1172 562 1202 τοιούτοις
587 1172 679 1201 εἰσίν.
713 1173 742 1201 Sz'
768 1175 863 1209 poles,

167 1220 299 1249 meliora
316 1221 390 1250 doce
402 1232 412 1250 .-
435 1222 463 1250 si
476 1231 536 1250 non
553 1225 650 1260 potes,
665 1224 809 1251 memento
830 1222 863 1250 in

166 1269 223 1298 lzoc
237 1270 294 1298 tibi
308 1270 460 1313 lenitatem
471 1270 587 1300 datam.
630 1271 700 1309 Ipsi
709 1271 771 1300 Dii
784 1272 863 1301 lenes

165 1321 236 1348 sunt
271 1319 395 1349 talibus.
439 1320 681 1358 Chrysostomus
707 1321 789 1359 Eph.
820 1321 860 1350 iv.

165 1370 201 1399 17
227 1367 334 1406 (Tom.
350 1378 396 1399 Vl.
418 1379 492 1408 pag.
508 1370 599 1408 828):
624 1371 686 1400 τὸν
707 1371 774 1409 γάρ
796 1370 861 1409 ‹iy-

165 1419 316 1456 νοοῦντα,
331 1420 366 1448 οὐ
381 1422 486 1449 κακῶς
505 1420 652 1459 πάσχειν
672 1421 742 1450 οὐδὲ
761 1422 861 1459 ἐγκα-

165 1467 308 1504 λεῖσθαι,
323 1468 415 1498 ἀλλά
429 1468 603 1506 μανθάνειν
620 1469 745 1498 δίκαιόν
766 1470 860 1498 ἐστιν

165 1516 247 1555 ὅπερ
275 1518 406 1556 ἀγνοεῖ·
439 1528 505 1547 eum
533 1519 587 1556 qui
615 1519 739 1557 iynorat
766 1528 860 1557 neque

163 1567 246 1596 malo
267 1568 353 1607 affici
373 1577 467 1606 neque
487 1569 633 1597 accusari
659 1571 786 1606 oportet,
806 1569 861 1598 scd

163 1627 282 1655 oequum
299 1621 342 1646 est
367 1621 399 1646 ut
423 1618 525 1646 discat
542 1628 607 1656 quie
630 1621 764 1656 iquorat.
793 1619 857 1648 Va-

162 1667 366 1703 lentinianus,
392 1668 541 1696 laudante
568 1668 739 1696 Ammiano
770 1669 857 1697 Mar-

162 1717 274 1746 cellino
289 1718 369 1746 libro
385 1726 471 1746 xxx.
492 1727 546 1746 nec
560 1727 740 1756 quemquam
754 1719 857 1757 inqui-

161 1767 265 1802 etavit,
280 1776 374 1805 neque
389 1770 421 1795 ut
435 1767 491 1796 hoc
513 1767 664 1796 coleretur
684 1768 857 1805 imperavit,

160 1820 216 1846 aut
231 1817 331 1851 ill11d;
353 1826 405 1845 nec
421 1817 593 1845 interdictis
606 1818 776 1847 minacibus
784 1818 856 1846 snb-

151 1866 301 1903 J'ectorem
317 1867 462 1895 cervicem
477 1866 521 1894 ad
539 1866 574 1894 id
586 1867 670 1904 quod
683 1868 749 1905 ipse
763 1868 857 1897 coluit

990 925 1004 942 ⁴
1024 925 1111 954 Dicit
1123 925 1345 964 Philosophus,
1359 925 1533 964 iqnoranlis
1541 936 1556 961 ‚·
1577 926 1626 964 ig-

931 975 1076 1003 norantia
1102 978 1208 1004 autem
1240 985 1311 1004 cum
1348 985 1453 1004 errore
1480 985 1628 1013 magnam

930 1023 1026 1053 habet
1050 1025 1256 1060 adfinitatem,
1280 1028 1313 1054 et
1334 1025 1384 1054 hic
1403 1026 1443 1053 ab
1469 1025 1523 1053 illa
1544 1034 1628 1063 saepe

930 1074 1049 1103 oritur:
1073 1074 1239 1112 Προσήκει
1254 1074 1288 1104 δέ
1308 1087 1373 1104 που
1401 1074 1563 1114 [πάσχειν
1577 1077 1626 1113 τῷ

928 1122 973 1159 μή
1001 1121 1118 1161 εἰδότι]
1146 1122 1264 1160 μαθεῖν
1291 1122 1387 1160 παρά
1407 1123 1467 1152 τοῦ
1489 1123 1625 1154 εἰδότος.

928 1171 980 1200 De
1000 1172 1079 1210 Rep.
1102 1172 1171 1202 Lib.
1197 1182 1220 1202 1.
1245 1182 1319 1211 pag.
1342 1174 1399 1203 337
1419 1182 1452 1203 1).
1475 1173 1565 1203 Tom.
1588 1183 1625 1204 11.

926 1221 991 1251 Ed.
1007 1222 1052 1252 H.
1070 1222 1174 1260 Steph.
1210 1223 1246 1252 J.
1263 1223 1302 1252 B.

985 1277 996 1292 Β
1015 1272 1142 1301 Justius
1167 1273 1217 1301 illi
1239 1273 1409 1310 punientur
1431 1273 1486 1311 qui
1512 1273 1545 1301 in
1566 1282 1625 1308 eos,

926 1331 1002 1360 quos
1030 1322 1116 1351 Deos
1146 1325 1269 1360 putant,
1303 1323 1502 1351 irreverentes
1533 1325 1626 1360 atque

926 1371 1097 1409 irreliqiosi
1111 1371 1196 1409 sunt]
1220 1372 1302 1401 Vide
1317 1373 1355 1401 de
1370 1372 1428 1400 hae
1448 1381 1482 1401 re
1496 1372 1625 1409 egregia

925 1421 1010 1458 apud
1040 1420 1193 1458 Cyrillum
1216 1421 1297 1449 libro
1321 1425 1431 1450 contra
1456 1421 1624 1451 Julianmn

926 1478 955 1499 v.
970 1474 1002 1499 et
1018 1479 1064 1500 Vl.
1093 1471 1209 1499 Solone
1223 1473 1352 1500 auctore
1373 1471 1622 1510 Amphictyones

924 1520 1007 1548 bello
1031 1520 1188 1557 persecuti
1211 1524 1285 1548 sunt
1312 1520 1478 1557 Cirrhaeos,
1501 1521 1585 1559 quod
1600 1521 1621 1550 ii

923 1569 1043 1607 templo
1059 1569 1214 1607 Delphico
1229 1570 1289 1598 vim
1311 1569 1504 1599 intulissent.
1544 1571 1621 1600 Plu-

923 1619 1051 1648 tarchus
1076 1619 1200 1655 Solone,
1225 1618 1272 1656 (p.
1292 1620 1329 1648 83
1351 1618 1400 1658 E.)
1443 1619 1493 1648 Sic
1512 1623 1544 1649 et
1565 1620 1619 1658 qui

922 1669 1001 1697 salso
1026 1669 1084 1697 sibi
1108 1672 1214 1698 vatum
1239 1678 1353 1697 nomen
1376 1669 1512 1699 induunt
1533 1674 1619 1699 reete

921 1719 1116 1756 puniuntur:
1146 1719 1274 1747 consule
1301 1719 1475 1757 Agathiam
1502 1719 1557 1748 lib.
1587 1728 1619 1750 V.

919 1769 931 1807 (
939 1769 1019 1807 Cap.
1034 1768 1081 1806 3.)

980 1818 992 1835 ⁵
1014 1818 1129 1847 Nescio
1150 1817 1277 1846 ubinam
1298 1818 1329 1846 id
1351 1818 1465 1847 dixerit
1486 1819 1616 1858 Augus-

919 1869 1015 1898 tinus.
1059 1868 1154 1897 Certe
1176 1868 1219 1896 sie
1240 1877 1303 1896 non
1319 1869 1394 1897 satis
1409 1869 1466 1897 sibi
1482 1873 1616 1905 constat,

919 1927 1015 1956 quum
1038 1918 1105 1956 ipse
1128 1917 1198 1946 Lib.
1225 1925 1256 1946 V.
1271 1926 1340 1955 cap.
1365 1917 1418 1947 xii.
1443 1917 1496 1947 De
1523 1918 1614 1949 civit.

920 1968 983 1997 Dei
1009 1968 1078 1997 fuse
1106 1968 1182 1996 satis
1211 1967 1370 2004 ostendat,
1398 1968 1614 1999 Romanorum

160 1916 345 1953 inclinabat,
364 1916 419 1945 sed
437 1916 637 1945 intemeratas
656 1917 783 1955 reliquie
797 1918 855 1946 has

152 1970 262 2005 partes
276 1970 308 1996 ut
320 1967 443 2005 reperit.
468 1966 565 2005 (Cap.
581 1967 627 2005 9.)

155 2134 360 2169 Athenians
381 2133 453 2168 and
474 2134 810 2174 Lacedaemonians,
830 2135 903 2169 and
919 2135 969 2180 by
986 2135 1109 2180 Philip
1128 2135 1170 2169 of
1186 2135 1368 2169 Macedon
1389 2135 1533 2180 against
1549 2135 1613 2170 the

155 2192 360 2226 Phocians:
394 2191 437 2225 of
458 2190 580 2226 whose
601 2192 777 2236 sacrilege
798 2192 922 2226 Justin
939 2202 1032 2236 says,
1054 2191 1135 2225 that
1156 2192 1183 2226 it
1203 2192 1367 2236 required
1395 2198 1428 2226 to
1453 2193 1490 2226 be
1514 2193 1610 2238 expi-

154 2250 235 2283 ated
259 2250 302 2293 by
330 2248 383 2282 tlze
408 2259 506 2281 arms
527 2249 572 2293 of
595 2248 646 2282 tlte
666 2248 771 2282 whole
791 2249 914 2282 world.
964 2249 1115 2282 Jerome
1141 2259 1234 2293 says,
1262 2259 1310 2282 on
1340 2249 1474 2282 Daniel
1495 2261 1527 2285 V.
1557 2249 1611 2284 As

154 2306 236 2349 lonq
264 2316 304 2338 as
325 2305 377 2338 the
405 2305 529 2338 sacred
552 2305 668 2338 vessels
698 2303 758 2347 [of
773 2305 837 2339 the
865 2303 1058 2347 Ichrews]
1087 2317 1174 2339 were
1202 2306 1240 2338 in
1261 2306 1312 2339 the
1336 2306 1547 2351 idol-temple
1571 2313 1610 2340 ac

152 2362 329 2407 Babylon,
350 2361 433 2394 God
447 2372 521 2395 was
537 2368 598 2395 not
615 2373 742 2406 anyry,
764 2360 852 2408 (for
865 2363 940 2407 they
956 2363 1029 2396 still
1044 2363 1172 2396 seemed
1188 2368 1220 2396 to
1238 2363 1274 2396 be
1291 2363 1429 2396 devoted
1445 2368 1477 2396 to
1494 2363 1609 2397 divine

151 2419 315 2463 worship,
349 2418 476 2461 tlzouqli
506 2419 755 2463 acconvpanied
778 2420 862 2453 with
888 2420 1070 2464 perverted
1093 2419 1253 2464 opinions
1263 2417 1294 2461 ,·)
1325 2421 1383 2453 but
1407 2420 1504 2465 aster
1533 2420 1608 2453 tlzat

151 2477 228 2521 they
254 2486 341 2510 were
366 2475 526 2520 pollzcted
545 2476 588 2521 by
608 2477 743 2510 human
766 2488 851 2516 uses,
882 2477 935 2510 tlze
962 2476 1188 2521 punishment
1216 2476 1447 2522 straiylztway
1461 2476 1608 2523 follows

149 2534 203 2567 the
225 2533 401 2578 sacrileqe.

221 2589 426 2635 Augustine
447 2589 571 2624 thinks
598 2590 680 2624 that
709 2589 774 2624 the
798 2591 943 2624 Roman
965 2591 1116 2635 Empire
1144 2600 1216 2624 was
1245 2589 1420 2624 favoured
1442 2589 1491 2634 by
1513 2589 1607 2629 God,

148 2646 318 2684 because,
338 2645 480 2691 though
507 2646 606 2680 their
632 2647 787 2691 religion
816 2657 887 2680 was
912 2646 1016 2687 false,
1040 2647 1129 2691 they
1149 2657 1243 2681 were
1265 2647 1301 2679 in
1324 2650 1470 2680 earnest
1491 2645 1606 2680 about

149 2703 230 2743 it*;
259 2702 332 2736 and
363 2712 402 2735 as
432 2703 648 2736 Lactantius
678 2713 771 2748 says,
795 2702 883 2748 they
913 2702 999 2737 held
1025 2707 1064 2737 to
1090 2703 1153 2737 the
1185 2703 1284 2736 main
1317 2703 1409 2748 duty
1437 2702 1480 2737 of
1507 2713 1604 2743 man,

207 2801 223 2816 ⁸
245 2800 427 2838 Augustine
441 2810 510 2839 says
528 2800 597 2830 that
618 2802 671 2830 the
687 2802 810 2831 Roman
826 2802 955 2840 Empire
972 2811 1035 2830 was
1058 2801 1207 2830 favoured
1228 2801 1268 2839 by
1290 2801 1392 2830 divine
1407 2801 1600 2830 Providence

148 2861 188 2881 on
203 2854 338 2881 account
351 2850 387 2880 of
402 2851 484 2880 their
501 2851 570 2880 civil
586 2851 715 2888 virtues,
749 2852 798 2881 De
816 2851 908 2881 Civit.
925 2852 1000 2890 Dei,
1019 2852 1087 2881 Lib.
1109 2862 1138 2881 v.
1154 2860 1180 2881 e.
1196 2853 1246 2881 12.
1278 2852 1309 2882 J.
1327 2851 1364 2880 B.

1413 2907 1469 2947 22

283 2938 436 2996 [οιτον.
458 2938 523 2995 11‚]
