2018 3204
527 230 921 286 HUGONIS
986 229 1290 283 GROTII

205 368 332 419 DE
406 367 650 419 JURE
728 366 1038 418 BELLI
1108 365 1230 417 AC
1303 364 1604 418 PACIS.

574 506 794 553 LIBER
840 505 1232 554 SECUNDUS.

758 657 948 699 CAPUT
983 657 1059 698 IX.

330 759 542 803 QUANDO
573 758 788 793 IMPERIA
817 759 916 792 VEL
946 756 1171 792 DOMINIA
1201 755 1473 790 DESINANT.

226 858 255 891 I.
317 858 529 892 Dominizcm
546 865 575 893 et
592 858 781 903 imperinm
794 858 869 891 tolli
959 857 1045 891 VII.
1077 856 1160 890 Non
1176 856 1280 889 eciam
1296 855 1505 900 missratz'one
1518 868 1529 888 .·

317 915 452 948 sublato
469 927 504 949 eo
522 916 582 960 qui
590 916 652 960 jus
665 915 795 955 habuit,
809 926 868 948 uec
953 913 1058 947 VIII.
1076 912 1152 946 Aut
1177 918 1312 946 mulcato
1341 912 1529 956 regyz'mioze:
1570 913 1631 946 ubi

315 971 473 1005 aristente
488 982 694 1006 successore:
1079 970 1119 1003 (Ie
1152 970 1222 1003 loco
1255 969 1316 1013 qui
1348 970 1512 1002 debeatur
1542 981 1629 1003 ‘novo

213 1028 262 1062 ΙΙ.
316 1027 375 1062 Sic
397 1034 426 1061 et
440 1029 502 1073 jus
513 1028 677 1073 ficmiliae
699 1027 867 1061 melincta
1076 1026 1149 1070 regyi
1169 1031 1232 1059 aut
1249 1026 1384 1070 populo
1408 1026 1562 1059 liberato.

305 1084 461 1128 fizmilia
473 1096 484 1117 .·
965 1083 1033 1117 IX.
1081 1083 1177 1124 Quid
1191 1082 1221 1116 si
1233 1083 1360 1127 populi
1376 1082 1552 1116 uniantur
1564 1082 1583 1116 ‚9

201 1139 270 1175 ΙΙΙ.
312 1140 372 1174 Sic
388 1146 418 1174 et
431 1141 567 1186 populi,
583 1140 779 1186 sipopulus
801 1151 866 1174 esse
977 1139 1026 1173 X.
1081 1139 1178 1182 Quid
1217 1139 1248 1173 si
1288 1139 1471 1172 dividatur
1512 1151 1629 1185 popa-

313 1197 447 1231 desinat
459 1210 469 1230 .·
1077 1197 1130 1229 Ins
1140 1196 1158 1229 ξ’)

208 1253 274 1288 IV.
317 1254 420 1296 Quod
441 1254 498 1300 fit,
527 1254 672 1288 sublatis
701 1254 865 1298 partibus
966 1253 1034 1287 XI.
1076 1253 1184 1298 Cujus
1200 1264 1294 1287 ozzmc
1307 1253 1376 1286 sint
1393 1265 1472 1297 quoe
1492 1253 1627 1287 Roma-

312 1311 510 1344 necessariis
521 1322 532 1343 .·
1075 1310 1114 1343 m'
1131 1310 1271 1355 'imperii
1280 1311 1450 1354 ficerunt,
1467 1321 1526 1345 nec
1543 1310 1626 1344 alie-

213 1366 260 1401 V.
313 1366 459 1401 Sublato
477 1379 620 1412 corpore
638 1373 704 1401 toto
718 1367 862 1412 populi:
1074 1373 1163 1400 vata
1180 1373 1368 1411 apparent.

204 1423 269 1457 VI.
314 1423 466 1458 Sublata
479 1425 621 1469 forma,
639 1436 709 1469 qna
731 1430 778 1458 est
799 1436 862 1469 po-
956 1423 1046 1457 XII.
1073 1424 1221 1469 Dejure
1238 1424 1411 1457 heredum.

307 1481 438 1526 pultes:
944 1480 1054 1514 XIII.
1075 1480 1131 1514 De
1139 1481 1223 1525 juo-c
1239 1480 1388 1513 victoris.

169 1567 202 1609 Ι.
339 1568 593 1610 UOMODO
619 1566 808 1622 primitus
830 1565 1110 1621 acquirantur,
1131 1571 1173 1608 et
1191 1565 1393 1621 quomodo
1412 1570 1626 1609 transeant

372 1639 459 1674 tum
499 1631 678 1674 dominia
721 1631 895 1687 privata,
932 1637 1019 1673 tum
1056 1631 1241 1686 imperia,
1289 1629 1389 1672 satis
1427 1629 1623 1673 diximus:

168 1698 370 1753 quomodo
406 1698 606 1747 desinant,
638 1697 860 1739 videamus.
928 1698 986 1738 Et
1022 1696 1186 1752 quidem
1222 1695 1484 1737 derelictione
1519 1696 1625 1738 desi-

167 1778 266 1806 nere
298 1763 431 1806 obiter
460 1778 585 1819 supra
614 1763 938 1804 demonstratum
970 1767 1045 1811 est,
1082 1761 1177 1817 quia
1201 1761 1414 1803 voluntate
1437 1768 1623 1805 cessante

166 1843 246 1870 non
271 1834 408 1871 manet
431 1828 663 1870 dominium.
726 1829 803 1870 Est
824 1833 866 1870 et
894 1827 997 1870 alius
1029 1827 1241 1869 desinendi
1272 1827 1428 1876 modus,
1461 1827 1621 1870 sublato

165 1894 346 1950 subjecto
386 1894 456 1935 lin
496 1909 576 1950 quo
615 1899 677 1935 est
712 1892 928 1949 imperium
960 1893 1027 1935 vel
1061 1893 1297 1942 dominium,
1339 1898 1436 1934 ante
1470 1893 1622 1935 aliena-

164 1959 316 2002 tionem
349 1960 500 2002 scilicet
532 1959 598 2001 vel
630 1974 865 2015 expressam
897 1959 963 2001 vel
995 1959 1176 2008 tacitam,
1207 1958 1339 2014 qualis
1374 1963 1436 2000 est
1468 1958 1509 2000 in
1533 1973 1621 2001 suc-

163 2026 411 2068 cessionibus
438 2026 491 2067 ab
517 2025 724 2067 intestato.
791 2026 932 2075 Quare
968 2025 1001 2066 si
1035 2039 1116 2080 qua
1150 2039 1338 2080 persona,
1367 2023 1480 2066 nulla
1508 2024 1621 2067 edita

221 2141 229 2158 ¹
255 2142 372 2171 Confer
385 2143 605 2171 Pcrnxnonr.
621 2141 672 2171 De
687 2141 855 2170 JureNat.
924 2151 994 2179 cap.
1010 2143 1039 2171 3.
1062 2141 1079 2180 ξ
1097 2143 1143 2171 11.
1162 2144 1194 2170 et
1214 2141 1284 2170 Lib.
1301 2150 1374 2171 νιῐι.
1397 2150 1465 2179 cap.
1481 2142 1529 2169 11.
1552 2140 1570 2179 ἓ
1590 2141 1618 2170 1.

161 2196 189 2221 et
216 2192 305 2222 Gent.
327 2192 396 2222 Lib.
415 2201 459 2221 ιν.
483 2201 551 2231 cap.
567 2192 595 2221 6.
616 2190 699 2229 §14.
720 2190 790 2220 Lib.
806 2199 854 2219 vl.
921 2192 957 2221 J.
974 2192 1013 2221 B.

237 2357 417 2392 CIIAPTER
438 2357 507 2392 IX.
563 2358 674 2392 When
690 2357 869 2402 Lorclshsip
886 2358 962 2391 and
979 2356 1186 2401 Ownerslzz‘p
1203 2367 1294 2390 cease
1312 2362 1344 2390 to
1361 2356 1458 2390 exist.

235 2437 263 2470 I.
315 2436 383 2471 We
407 2436 501 2471 have
531 2436 752 2482 sufficiently
777 2435 971 2481 explained
1002 2435 1084 2469 how
1112 2434 1204 2469 both
1237 2434 1381 2480 private
1409 2432 1616 2479 ownership

159 2493 232 2527 and
253 2492 377 2537 public
392 2492 579 2538 authority
596 2493 625 2527 is
643 2492 828 2538 aequired,
848 2492 922 2526 and
942 2491 1023 2526 how
1039 2492 1068 2526 it
1085 2492 1114 2526 is
1132 2490 1358 2526 transferred
1373 2503 1381 2531 3
1403 2490 1455 2524 let
1474 2500 1516 2523 us
1534 2500 1615 2523 now

161 2549 330 2583 consider
350 2548 431 2582 how
452 2549 480 2582 it
500 2560 634 2584 censes.

233 2604 330 2638 That
351 2604 379 2638 it
401 2615 522 2638 ceases
542 2605 591 2649 by
612 2605 776 2646 derelict,
797 2605 827 2639 is
847 2605 963 2639 above
980 2604 1104 2639 shown
1125 2604 1162 2637 in
1179 2603 1347 2648 passing;
1373 2601 1532 2636 because
1549 2601 1614 2637 the

159 2661 231 2695 will
252 2661 409 2705 ceasing‚
430 2659 494 2694 the
514 2661 719 2706 ownership
741 2661 829 2695 does
854 2666 920 2696 not
945 2661 1097 2695 remain.
1157 2659 1278 2693 There
1299 2658 1328 2692 is
1355 2658 1433 2692 also
1456 2657 1614 2693 another

158 2718 267 2752 mode
288 2717 330 2751 of
355 2718 400 2751 its
430 2716 585 2762 ending:
617 2717 680 2751 the
705 2717 846 2761 subject
874 2728 916 2752 or
937 2727 1071 2762 person
1094 2716 1130 2749 in
1151 2714 1272 2750 whom
1296 2714 1360 2749 the
1379 2714 1545 2760 lordship
1571 2726 1613 2750 or

157 2773 361 2819 ownership
389 2773 526 2808 resides
546 2773 657 2818 being
674 2773 858 2813 removed,
878 2773 959 2807 that
983 2773 1024 2813 is,
1045 2771 1172 2807 before
1192 2771 1391 2806 alienation
1412 2771 1532 2806 either
1551 2782 1612 2806 ex-

155 2842 257 2876 press
281 2835 320 2865 at
344 2831 446 2871 least,
471 2841 513 2864 or
538 2830 639 2872 tacit,
663 2829 753 2865 such
773 2840 812 2864 as
843 2829 948 2865 there
970 2830 999 2864 is
1020 2829 1058 2863 in
1082 2828 1306 2865 successione
1336 2831 1375 2864 to
1404 2829 1610 2864 intestates.

291 2915 443 2971 [GROT.
466 2918 530 2973 11.]
1449 2885 1474 2924 1
