2018 3204
152 677 197 701 xii.
212 678 247 702 10.

371 169 455 210 268
967 178 1034 211 DE
1065 177 1246 212 POENIS.
1672 176 1767 220 [Lm.
1782 178 1833 213 ΙΙ.

363 285 623 338 permissam
660 299 688 325 a
730 285 929 326 Creatore
966 283 1134 323 oculum
1166 283 1352 336 exiqente
1376 296 1461 336 pro
1500 282 1632 331 oculo,
1665 290 1706 324 et
1735 284 1834 325 den-

372 357 452 390 tem
469 364 554 404 pro
578 351 711 396 dente,
737 356 888 390 contra
911 348 1001 402 ipse
1025 348 1211 388 alteram
1229 348 1419 402 amplius
1439 349 1668 389 maxillam
1689 350 1836 403 offerri

360 414 526 468 jubens,
564 423 603 456 et
633 428 760 467 super
793 414 984 454 tunicam
1011 414 1157 468 pallio
1192 427 1353 468 quoque
1388 414 1494 456 cedi.
1558 414 1704 455 Plane
1745 415 1835 456 hoec

373 481 574 521 Christus
612 479 831 533 adjecerit,
864 486 912 519 ut
946 479 1237 534 supplementa
1276 486 1557 520 consentanea
1588 480 1834 533 disciplinoe

373 546 605 586 Creatoris.
674 545 815 599 Atque
852 545 958 585 adeo
993 545 1071 585 hoc
1108 545 1260 585 statim
1293 545 1629 586 renuntiandum
1664 553 1737 594 est,
1773 560 1833 586 an

368 611 606 665 disciplina
623 611 852 665 patientice
875 610 1142 663 praedicetur
1165 624 1293 667 penes
1323 611 1578 652 Creatorem.
1643 611 1723 652 Sic
1748 626 1832 665 per

371 677 641 717 Zachariam
668 676 888 731 praecipit,
920 689 971 716 ne
1005 677 1297 730 unusquisque
1326 676 1546 717 malitiam
1567 676 1741 731 fratris
1762 678 1832 718 sui

366 743 618 791 meminerit,
650 743 724 783 sed
764 756 838 783 nec
871 742 1075 799 proscimi.
1145 743 1266 783 Nam
1303 749 1342 782 et
1378 756 1559 783 rursus.-
1593 742 1827 791 malitiam,

367 809 522 863 inquit,
540 809 738 862 proximi
760 808 835 849 sui
861 808 1145 862 unusquisque
1169 822 1219 849 ne
1240 808 1451 861 recoqitet.
1520 807 1665 848 Multo
1688 810 1830 862 maqz's

360 875 628 929 patientiam
651 875 814 915 indixit
838 873 1023 927 injuriae,
1048 874 1122 928 qui
1155 874 1318 914 indixit
1344 874 1604 914 oblivionem.
1668 874 1758 915 Sed
1789 881 1829 916 et

371 955 501 994 quum
524 941 645 989 dicit,
670 941 780 981 mihi
815 941 1055 981 vindictam
1078 947 1118 980 et
1141 954 1214 993 eqo
1234 940 1476 989 vindicabo,
1494 939 1680 1006 proinde
1705 941 1828 994 pati-

368 1007 529 1048 entiam
566 1007 683 1048 docet
718 1006 920 1047 vindictae
957 1007 1315 1060 eoespectatricem.
1385 1006 1441 1046 In
1481 1012 1690 1058 quantum
1729 1019 1827 1060 erqo

366 1087 450 1114 non
482 1074 613 1128 capit,
650 1080 698 1113 ut
731 1073 844 1113 idem
875 1072 1078 1113 videatur
1113 1079 1151 1113 et
1184 1073 1346 1114 dentem
1372 1085 1459 1126 pro
1489 1072 1622 1120 dente,
1659 1072 1827 1113 oculum

358 1153 446 1194 pro
476 1139 608 1187 oculo,
638 1139 685 1179 in
719 1139 852 1179 vicem
881 1137 1055 1191 injuriae
1086 1139 1263 1192 exiqere,
1297 1138 1373 1193 qui
1406 1151 1490 1178 non
1521 1138 1643 1179 modo
1677 1138 1825 1187 vicem,

366 1206 440 1246 sed
471 1206 602 1246 etiam
636 1205 850 1252 ultionem,
876 1205 1008 1245 etiam
1041 1205 1376 1245 recordationem
1407 1211 1446 1245 et
1479 1204 1826 1257 recoqitationem

367 1271 543 1324 injurice
559 1271 773 1325 prohibet,
800 1271 851 1311 in
877 1274 1045 1310 tantum
1069 1271 1268 1326 aperitur
1290 1270 1409 1311 nobis
1431 1270 1634 1324 quomodo
1658 1270 1826 1311 oculum

363 1350 447 1390 pro
471 1337 590 1378 oculo
621 1344 660 1378 et
691 1337 855 1377 dentem
875 1351 961 1390 pro
996 1337 1116 1377 dente
1147 1337 1366 1387 censuerit,
1394 1350 1478 1376 non
1506 1336 1567 1376 ad
1595 1337 1824 1377 secundam

367 1402 580 1455 injuriam
617 1403 794 1443 talionis
827 1402 1173 1455 permittendam,
1213 1417 1343 1457 quam
1372 1402 1660 1456 prohibuerat
1695 1403 1825 1444 inter-

368 1469 490 1510 dicta
513 1469 685 1515 ultione,
710 1469 784 1509 sed
808 1469 867 1508 ad
882 1468 1079 1522 primam
1097 1469 1371 1509 coercendam
1392 1482 1522 1522 quam
1538 1468 1826 1522 prohibuerat

367 1536 566 1590 opposita
608 1535 779 1582 talione,
824 1538 873 1574 ut
911 1534 1197 1588 unusquisque
1243 1534 1474 1589 respiciens
1512 1534 1731 1575 licentiam
1767 1549 1827 1576 se-

367 1602 518 1643 cundce
552 1601 726 1655 iry'urioe
763 1615 792 1641 a
823 1601 978 1655 prima
1013 1601 1281 1655 semetipsum
1318 1600 1561 1641 contineret.
1624 1601 1828 1642 Facilius

367 1668 478 1708 enim
503 1668 591 1708 vim
625 1667 851 1721 comprimi
888 1667 969 1708 scit
1001 1667 1375 1718 repraesentatione
1400 1666 1589 1714 talionis,
1612 1680 1742 1721 quam
1765 1681 1828 1708 re-

365 1734 644 1787 promissione
666 1733 856 1774 ultionis.
937 1733 1177 1786 Utrumque
1200 1740 1343 1774 autem
1366 1732 1710 1773 constituendum
1726 1733 1827 1787 fuit

360 1813 445 1853 pro
469 1807 632 1840 natura
660 1807 697 1840 et
724 1800 814 1852 fide
837 1799 1066 1846 hominum,
1098 1806 1147 1839 ut
1175 1799 1248 1853 qui
1277 1799 1371 1840 Deo
1399 1798 1597 1846 crederet,
1624 1798 1830 1840 ultionem

367 1879 398 1904 a
434 1866 526 1906 Deo
571 1872 860 1919 exspectaret:
896 1865 971 1918 qui
1017 1865 1162 1905 minus
1190 1865 1357 1917 fideret,
1408 1864 1514 1918 leqes
1557 1864 1738 1906 talionis
1773 1865 1826 1906 ti-

367 1938 510 1972 meret.

466 1997 495 2036 4
555 1996 687 2037 Hanc
739 1995 841 2050 leqis
886 1995 1146 2037 voluntatem
1186 1996 1238 2036 de
1279 1996 1496 2037 intellectu
1547 1996 1825 2045 laborantem,

367 2063 563 2104 dominus
591 2070 630 2104 et
653 2062 838 2109 sabbati,
870 2068 908 2101 ct
935 2061 1050 2114 leqis,
1091 2069 1130 2102 et
1153 2062 1341 2102 omnium
1367 2069 1658 2116 paternarum
1686 2063 1829 2116 dispo-

365 2130 569 2170 sitionum
599 2128 794 2170 Christus
831 2134 870 2168 et
906 2127 1111 2168 revelavit
1135 2134 1173 2167 et
1197 2134 1424 2182 compotem
1449 2128 1573 2181 fecit,
1613 2129 1829 2169 mandans

366 2195 549 2236 alterius
576 2208 736 2249 quoque
768 2192 962 2233 mamillae
993 2193 1260 2240 oblationem,
1291 2201 1339 2234 ut
1370 2200 1489 2234 tanto
1524 2194 1666 2247 mayis
1695 2194 1829 2235 vicem

365 2261 540 2314 injuriae
563 2261 836 2314 eoetinqueret,
863 2273 994 2313 quam
1025 2266 1064 2300 et
1099 2259 1161 2300 lex
1188 2272 1271 2314 per
1307 2259 1509 2300 talionem
1531 2259 1724 2301 voluerat
1747 2260 1829 2300 im-

365 2385 422 2404 cur
435 2375 550 2404 ultione
562 2374 717 2412 permissa
731 2374 897 2411 culpantur
912 2374 922 2401 i
926 2374 936 2401 i
950 2374 1004 2412 qni
1019 2374 1064 2403 ad
1130 2377 1157 2402 et
1171 2373 1216 2402 ad
1228 2374 1373 2403 ultionem
1387 2374 1458 2403 tulit
1471 2373 1600 2412 impetus
1607 2384 1621 2410 ,-
1642 2374 1679 2403 ob
1694 2374 1730 2403 id
1741 2375 1830 2413 dicit,

364 2435 432 2454 eam
445 2425 611 2454 decurrunt
621 2424 636 2452 ζ)
656 2433 728 2452 mox
740 2434 747 2452 :
765 2424 896 2462 iqnoscit
910 2425 999 2453 Dens
1013 2425 1062 2460 iis,
1130 2423 1251 2453 oculum
1259 2433 1322 2461 pro
1337 2424 1424 2453 oculo
1434 2434 1444 2453 .·
1466 2428 1500 2454 at
1514 2424 1613 2453 alibi:
1629 2425 1689 2454 τίω
1702 2425 1830 2455 iracun-

365 2483 442 2512 quos
457 2474 486 2502 si
494 2473 583 2511 fhrte
597 2471 781 2501 contumelia:
796 2480 901 2499 sensus
923 2470 1064 2509 abripuit
1131 2474 1241 2503 dorum
1257 2475 1301 2503 ad
1317 2478 1451 2512 mortem,
1472 2475 1557 2513 quod
1574 2475 1615 2510 si,
1637 2476 1690 2505 ubi
1709 2476 1830 2506 oculum

366 2641 408 2675 of
424 2641 489 2676 the
515 2640 588 2676 Old
617 2641 845 2681 Testament,
869 2640 952 2675 that
980 2651 1190 2686 vengeance
1219 2641 1249 2676 is
1275 2644 1314 2676 to
1339 2641 1387 2676 be
1413 2641 1483 2676 left
1503 2644 1542 2676 to
1565 2641 1660 2676 God.
1723 2641 1828 2688 They

367 2698 446 2733 who
467 2698 609 2733 believe
626 2698 664 2731 in
685 2697 773 2738 him,
794 2709 857 2732 are
877 2701 916 2732 to
938 2702 1069 2744 expect
1089 2698 1172 2733 that
1192 2698 1251 2733 He
1276 2698 1349 2732 will
1376 2698 1536 2744 punish;
1565 2698 1656 2745 they
1674 2698 1756 2734 who
1776 2699 1825 2733 do

365 2761 444 2795 not,
464 2767 528 2789 are
548 2759 587 2789 to
608 2755 689 2789 fear
709 2755 933 2789 retaliation.

435 2815 457 2844 4
498 2811 631 2851 Christ,
662 2811 710 2845 he
738 2811 841 2852 adds,
861 2812 925 2845 did
950 2815 1017 2846 not
1037 2812 1187 2857 destroy
1207 2812 1271 2847 the
1292 2811 1465 2857 teaching
1486 2812 1530 2846 of
1548 2811 1612 2847 the
1634 2811 1706 2847 Old
1723 2812 1820 2846 LaW.

366 2867 448 2900 God
466 2866 532 2901 has
549 2868 726 2912 provided
743 2869 876 2914 judges
890 2868 1074 2915 ofinjury.
1124 2869 1295 2905 Without
1309 2869 1392 2910 this,
1405 2869 1646 2903 forbearance
1666 2868 1760 2902 loses
1774 2868 1821 2903 its

363 2923 523 2958 reward:
550 2924 609 2958 for
625 2925 655 2959 it
675 2925 705 2959 is
726 2925 775 2971 by
795 2925 859 2960 the
879 2925 960 2961 sear
980 2926 1021 2961 of
1038 2926 1279 2972 punishment
1300 2925 1382 2962 that
1402 2926 1525 2972 injury
1546 2926 1575 2960 is
1597 2924 1815 2960 controlled.
