2018 3204
173 658 232 682 Lib.
245 658 371 683 xiii.bibl.

171 696 194 714 c.
207 690 246 713 29.

167 1318 250 1347 Apud
262 1319 337 1344 Stob.

171 1349 224 1374 Tic.
239 1350 259 1377 7.

684 80 752 114 DE
785 79 1054 114 POENARUM
1086 79 1566 115 COMMUNICATIONE.
1687 79 1852 123 [L113.II.

395 73 477 112 352

496 192 521 231 8
570 191 673 240 Quae
705 194 841 231 autem
873 188 1051 230 diximus
1081 188 1132 229 de
1155 187 1394 230 nocentibus
1425 188 1621 231 dedendis
1643 193 1716 231 aut
1737 188 1854 245 puni-

395 255 521 304 endis,
547 271 629 297 non
652 260 811 297 tantum
835 253 888 295 ad
911 268 979 295 eos
1000 253 1208 309 pertinent
1230 253 1298 310 qui
1329 254 1480 296 subditi
1504 269 1665 311 semper
1687 255 1854 298 fuerunt

395 321 482 377 ejus
517 321 627 377 apud
657 334 777 375 quem
814 334 920 360 nunc
949 319 1225 375 reperiuntur,
1265 334 1408 361 verum
1439 319 1560 362 etiam
1599 319 1653 362 ad
1681 335 1750 362 eos
1784 320 1853 377 qui

393 391 486 442 post
509 386 662 427 crimen
683 384 937 426 commissum
960 385 1096 440 aliquo
1120 385 1405 442 confugerunt.

493 453 544 493 V.
598 453 622 492 1
663 451 808 506 Neque
832 451 997 493 obstant
1019 450 1090 492 illa
1117 451 1221 492 adeo
1246 451 1468 506 praedicata
1488 450 1739 508 usupplicum
1755 450 1852 508 jura

392 522 435 559 et
461 517 671 573 asylorum
698 515 897 572 exempla.
969 516 1077 558 Haec
1104 517 1209 557 enim
1242 516 1320 558 illis
1347 523 1518 573 prosunt
1550 517 1619 573 qui
1648 517 1851 560 immerito

393 583 485 624 odio
506 583 710 631 laborant,
732 597 813 623 non
835 581 905 637 qui
928 582 1218 624 commiserunt
1241 583 1349 638 quod
1367 583 1550 625 societati
1571 584 1759 625 humanae
1779 589 1852 626 aut

390 648 620 690 hominibus
643 648 733 690 aliis
753 647 806 689 sit
823 647 1073 703 injuriosum.
1123 648 1328 704 Gylippus
1351 648 1460 690 Laco
1484 649 1594 705 apud
1620 648 1850 691 Diodorum

392 714 570 757 Siculum
591 729 719 772 agens
749 713 800 755 de
823 714 891 755 illo
920 713 1145 769 supplicum
1171 714 1267 769 jure
1291 714 1347 756 sic
1376 715 1458 757 ait:
1492 716 1568 770 qui
1589 716 1717 757 initio
1738 715 1850 769 jura

388 783 478 823 ista
500 783 845 828 introduoeerunt,
870 781 1115 835 infelicibus
1139 782 1309 835 quidem
1327 782 1684 829 misericordiam,
1709 789 1757 822 at
1780 782 1850 823 his

389 849 464 901 qui
483 848 598 889 malo
628 848 773 888 animo
805 847 1015 901 injuriam
1046 847 1295 895 intulerunt,
1314 862 1491 902 poenam
1521 848 1849 902 exspectandam

387 915 620 955 voluerunt.
689 913 862 954 Postea:
896 914 943 954 hz·
965 927 1062 954 vero
1092 914 1132 954 si
1155 913 1251 954 dolo
1282 913 1409 962 malo,
1445 914 1485 954 ei
1518 913 1683 967 injusta
1715 913 1849 954 alieni

387 982 626 1035 cupiditate
650 981 696 1021 in
732 980 853 1020 mala
888 980 976 1020 ltcec
1009 980 1266 1028 inciderunt,
1301 993 1352 1020 ne
1384 987 1581 1021 accusent
1600 980 1847 1032 fortunam,

386 1060 437 1087 ne
456 1047 697 1101 supplicum
710 1046 794 1087 sibi
816 1060 964 1086 nomen
984 1046 1218 1099 imponant.
1289 1046 1346 1086 Id
1369 1046 1478 1087 enim
1493 1045 1595 1099 jure
1626 1046 1849 1086 hominum

386 1113 479 1153 illis
514 1113 686 1154 debetur
721 1112 902 1166 '‘quibus
936 1112 1135 1152 innocens
1172 1119 1232 1152 est
1269 1112 1454 1159 animus,
1493 1113 1617 1152 irata
1645 1111 1846 1163 fortuna.

385 1179 557 1219 Horum
587 1193 683 1220 vero
713 1179 808 1219 vita
832 1178 967 1231 plena
983 1178 1129 1230 factis
1158 1177 1346 1230 injustis,
1379 1177 1545 1217 nullum
1575 1177 1686 1231 ipsis
1712 1177 1846 1218 locum

385 1244 563 1298 reliquit
595 1245 670 1297 qui
701 1244 762 1284 ad
797 1244 1118 1284 miserationem
1150 1251 1189 1284 et
1218 1244 1473 1298 peffuqium
1500 1249 1682 1297 pateret.
1748 1241 1846 1283 Duo

384 1308 464 1358 illa,
486 1309 691 1351 fortunam
717 1313 759 1349 et
779 1307 981 1363 injuriam,
1007 1308 1239 1350 Menander
1263 1308 1415 1364 optime
1439 1307 1651 1350 distinxit:

670 1386 688 1411 y
701 1386 866 1433 Ἀτὺχημα
887 1386 1050 1432 κάδίκημα
1071 1387 1240 1433 διαφορὰν
1260 1387 1352 1432 ἕχειε

696 1446 742 1479 Τὸ
763 1442 828 1491 γὰρ
846 1443 900 1479 διὰ
917 1443 1024 1490 τύχην
1044 1445 1206 1491 γίγνεται,
1229 1445 1267 1478 τὸ
1288 1443 1316 1478 δ’
1339 1443 1482 1489 αἱρέσει.

1178 1548 1277 1572 Carum
1289 1547 1411 1577 occidisti,
1425 1547 1491 1571 dum
1502 1547 1539 1571 vis
1549 1554 1719 1573 succurrere:
1736 1548 1844 1573 nullum

440 1557 455 1572 ¹¹
476 1550 657 1589 Supplicum
674 1548 773 1588 jura]
811 1550 923 1579 Κοινοὶ
953 1549 1077 1578 ἱκεσίας

1178 1589 1207 1613 C1
1214 1590 1284 1613 imen
1296 1589 1391 1614 habes:
1408 1596 1504 1614 manus
1521 1591 1560 1614 est
1576 1590 1624 1614 tibi
1641 1590 1734 1620 purior
1748 1596 1779 1614 ac
1795 1589 1845 1614 fuit

382 1602 474 1638 νόμοι
497 1601 641 1639 Polybio,
670 1604 703 1629 et
725 1600 851 1628 Malcho
872 1600 904 1628 in
927 1599 1079 1637 excerptis

380 1652 575 1690 leyationum.
626 1650 703 1689 [Hic
730 1650 825 1679 dicit:
861 1649 903 1687 μή
936 1650 994 1686 μέν
1021 1660 1077 1677 τοι

381 1701 472 1730 ὅσιον
493 1701 644 1738 Γόττοις,
663 1701 776 1738 ὥσπερ
796 1699 866 1728 οὐδὲ
883 1699 999 1728 ἄλλοις
1020 1699 1076 1728 ἀν-

381 1751 532 1788 θρώποις,
553 1752 673 1787 ἱκέτας,
700 1751 753 1780 καὶ
777 1750 942 1787 σωτηρίας
964 1749 1074 1786 δεομέ-

381 1812 452 1830 νους
473 1801 671 1838 ἀνθρώπους,
689 1803 762 1828 τοῖς
776 1799 894 1836 λαβεῖν
913 1797 1075 1835 βουλομέ-

379 1862 443 1879 νοις
457 1850 615 1879 ἐκδιδόναι
628 1850 823 1888 προχείρως.
857 1848 934 1885 Pag.
947 1848 994 1878 69.
1009 1847 1074 1878 Ed.

378 1899 553 1938 Hoesclzel.]

436 1957 451 1970 ¹
476 1951 594 1989 Quibus
613 1951 754 1979 innocens
773 1952 815 1978 est
835 1949 968 1985 animus,
988 1949 1075 1977 irata

368 2001 522 2040 fortuna]
547 2001 718 2031 Oraeulum
737 2003 828 2029 vetus
851 1999 952 2038 [apud
973 1998 1072 2027 AElia-

378 2062 464 2088 num,
484 2052 559 2081 Var.
576 2050 659 2079 Hist.
678 2059 730 2078 111.
745 2048 808 2085 44.]

1237 1633 1308 1656 ante·

1202 1689 1216 1709 5
1239 1684 1403 1723 Ἀτύχημα
1427 1685 1481 1714 καὶ
1503 1683 1660 1723 ἀδίκημα]
1690 1684 1782 1714 Philo
1806 1684 1844 1713 de

1145 1734 1279 1764 Judt'ce:
1317 1735 1407 1764 ἕλεος
1435 1735 1487 1764 ἐπ’
1513 1735 1737 1773 ἀτυχήμασιν·
1771 1734 1787 1764 ὁ
1817 1733 1845 1764 δ’

1144 1783 1276 1823 ἑκουσίᾳ
1291 1785 1404 1823 ’γνώμῃ
1416 1785 1682 1823 πονηρευόμενος,
1693 1785 1750 1813 οὐκ
1761 1785 1843 1814 ᾰτυ·

1145 1834 1204 1872 χής
1228 1834 1306 1864 ἀλλ’
1329 1835 1447 1865 ἄδικος·
1468 1835 1687 1864 misericordia
1706 1835 1842 1873 infortu-

1143 1885 1205 1912 uiis
1220 1884 1345 1913 debetur
1350 1896 1365 1920 ;
1387 1888 1420 1914 at
1434 1886 1489 1923 qm·
1508 1885 1679 1915 deliberata
1692 1885 1842 1914 sententia

1144 1935 1223 1963 male
1238 1936 1315 1973 ayit,
1335 1945 1395 1964 non
1417 1936 1527 1973 infelix
1547 1939 1602 1972 est,
1622 1936 1678 1965 sed
1698 1935 1840 1972 injustus.

1143 1984 1237 2023 (Pag.
1252 1987 1309 2014 722
1330 1986 1382 2023 A.)
1417 1986 1467 2014 Sic
1488 1987 1533 2015 M.
1550 1986 1731 2015 Antoninus
1751 1994 1840 2014 men-

1142 2038 1207 2065 tem
1227 2035 1294 2063 vult
1315 2035 1444 2073 inspici:
1465 2036 1516 2065 ἵνα
1532 2035 1716 2070 ἑπιστήσης
1734 2035 1839 2064 πότε-

1140 2096 1199 2122 ρον
1218 2084 1335 2122 ἄγνοια
1358 2097 1375 2120 η
1399 2085 1525 2123 γνώμη,
1547 2085 1601 2114 καὶ
1623 2085 1692 2123 ἅμα
1714 2085 1839 2123 λογίσῃ

1142 2134 1171 2169 ὅ,
1193 2146 1228 2163 τι
1252 2134 1424 2172 συγγενές·
1446 2138 1480 2164 ut
1496 2136 1582 2164 noris
1602 2134 1783 2173 iqrzorantia
1805 2135 1838 2164 in

1141 2183 1248 2222 aliquo
1271 2193 1312 2212 an
1332 2184 1493 2213 consilium
1505 2184 1621 2222 fuerit,
1641 2187 1669 2214 et
1687 2184 1781 2213 simul
1799 2193 1838 2213 ea
1866 2211 1869 2212 ⁷

405 2102 549 2129 Ἐκτεινας
562 2101 609 2126 τὸν
621 2099 728 2132 ἑταῖρον
740 2098 859 2130 ἀμύνων·
880 2097 912 2123 οὺ
926 2097 952 2123 σ’
964 2097 1074 2129 ἐμίανεν

410 2146 496 2179 Αἷμα.
511 2147 602 2174 πέλεις
614 2145 641 2171 δὲ
657 2146 739 2178 χέρας
755 2141 939 2175 καθαρώτερος
955 2142 970 2175 ἣ
989 2142 1073 2175 πάρος

476 2191 558 2226 ἦσθα..

445 2333 466 2363 8
496 2329 609 2364 What
629 2340 683 2364 we
702 2329 796 2364 have
817 2329 895 2364 said
917 2329 960 2363 of
975 2329 1238 2374 surrendering
1263 2340 1304 2363 or
1328 2328 1528 2374 punishing
1552 2325 1750 2366 criminals,
1769 2336 1835 2372 ap-

375 2387 468 2432 plies
493 2391 560 2420 not
590 2386 677 2432 only
706 2391 745 2420 to
776 2386 882 2421 those
907 2386 988 2420 who
1009 2386 1102 2421 have
1133 2386 1266 2431 always
1292 2386 1387 2420 been
1412 2385 1476 2420 the
1501 2384 1662 2428 subjectas
1687 2382 1731 2417 of
1755 2382 1834 2418 him

376 2444 495 2478 undei-
521 2443 642 2478 whose
670 2444 750 2478 rule
772 2444 860 2489 they
880 2454 944 2477 are
965 2454 1047 2477 now
1068 2443 1204 2483 found3
1231 2443 1299 2477 but
1319 2443 1396 2477 also
1417 2446 1457 2477 to
1478 2442 1596 2482 those,
1621 2439 1716 2481 who,
1735 2440 1834 2474 after

375 2501 609 2545 committing
627 2511 648 2534 a
665 2501 789 2541 crime,
811 2500 904 2535 have
925 2500 999 2534 fied
1016 2504 1054 2534 to
1075 2512 1148 2546 any
1168 2500 1284 2545 place.

444 2558 489 2590 V.
539 2561 556 2590 1
588 2557 668 2592 Nor
692 2558 722 2591 is
742 2557 816 2592 this
841 2557 1010 2592 doctrine
1027 2557 1245 2603 impeached
1266 2557 1315 2603 by
1336 2556 1399 2591 the
1420 2555 1536 2601 rights
1557 2554 1599 2589 of
1615 2553 1833 2600 suppliants‚

373 2614 448 2648 and
461 2614 523 2648 the
536 2625 637 2648 cases
654 2614 698 2648 of
713 2615 867 2660 asylum,
883 2614 1001 2649 which
1018 2625 1081 2649 are
1098 2625 1137 2649 so
1154 2613 1264 2648 much
1281 2614 1421 2659 spoken
1438 2613 1486 2647 of.
1524 2612 1644 2647 These
1660 2621 1832 2655 arrange-

374 2675 495 2705 ments
526 2682 589 2705 are
618 2671 677 2705 for
706 2671 771 2706 the
796 2672 1002 2717 advantage
1027 2671 1069 2706 of
1096 2671 1201 2705 those
1227 2671 1307 2705 who
1338 2681 1402 2705 are
1427 2668 1647 2716 persecuted
1676 2667 1833 2702 without

375 2727 569 2772 deserving
589 2732 627 2762 to
648 2728 695 2762 be
721 2740 784 2770 sog
809 2734 875 2763 not
905 2729 946 2763 of
963 2728 1070 2763 those
1092 2728 1173 2762 who
1199 2727 1293 2762 have
1321 2726 1538 2762 committed
1558 2725 1656 2759 what
1680 2725 1710 2758 is
1735 2724 1830 2768 inju-

375 2783 474 2816 rious
496 2788 534 2818 to
555 2784 694 2818 human
720 2786 859 2831 society
888 2797 930 2820 or
955 2790 995 2820 to
1020 2785 1128 2820 other
1152 2796 1249 2820 men.
1300 2785 1350 2819 So
1373 2784 1555 2830 Gylippus
1580 2793 1663 2828 says
1688 2781 1731 2815 of
1756 2779 1830 2813 this

375 2839 474 2883 right
504 2839 546 2873 of
572 2842 789 2886 suppliants.
843 2839 961 2887 [See]
1028 2842 1236 2877 Menander
1259 2853 1347 2888 very
1372 2840 1548 2887 properly
1571 2835 1831 2881 distinguishes
