2018 3204
127 317 180 335 νεῖ.
193 310 232 334 20.

125 965 202 1018 sseue.
217 964 291 989 xxiv.

344 115 426 158 372
630 123 697 157 DE
729 123 999 157 POENARUM
1030 121 1509 158 COMMUNICATIONE.
1635 120 1729 168 [Lm.
1750 125 1799 159 II.

345 235 407 273 cst
429 231 555 280 Deus,
572 245 652 272 non
677 236 814 273 tamen
832 245 992 286 semper
1013 245 1060 272 eo
1076 230 1171 286 jure
1192 231 1334 282 utitur,
1354 232 1530 274 maxime
1552 232 1585 274 si
1606 233 1802 290 *insignis

344 297 532 352 quaedam
556 297 684 339 virtus
702 296 744 336 in
765 295 904 337 liberis
927 295 1094 346 eluceat,
1118 302 1163 339 ut
1182 297 1323 340 videre
1347 304 1409 340 est
1424 299 1570 342 Ezech.
1587 313 1674 356 cap.
1691 299 1802 342 xviii.

344 367 386 404 ct
410 362 605 417 exemplis
629 361 870 416 quibusdam
893 376 918 403 a
942 362 1164 404 Plutarcho
1188 363 1296 405 dicto
1320 363 1406 405 loco
1428 364 1639 420 probatur.

443 430 471 468 3
518 428 574 469 Et
604 442 694 468 cum
722 426 765 467 in
797 442 902 469 novo
932 427 1072 470 federe
1102 429 1285 485 apertius
1313 444 1436 486 quam
1469 430 1564 471 olim
1594 430 1804 474 declarata

343 492 424 535 sint
444 492 651 548 supplicia,
677 507 769 548 quae
792 492 937 549 impios
958 499 1050 549 post
1072 494 1179 536 hanc
1197 495 1323 537 vitam
1347 501 1526 546 manent,
1546 495 1664 538 yideo
1687 496 1729 538 in
1754 512 1802 539 eo

341 559 482 600 federe
504 558 616 600 nulla
634 563 768 600 exstat
792 559 1048 601 comminatio
1070 575 1265 616 personas
1289 561 1542 618 peccantium
1564 562 1802 620 egrediens3

342 638 422 680 quo
458 624 676 680 praecipue,
710 639 942 680 quanquam
971 625 1103 668 minus
1141 632 1296 683 aperte,
1334 633 1380 670 ut
1414 643 1500 669 mos
1527 633 1590 670 est
1625 628 1800 678 vatibus,

341 695 500 746 spectat
524 690 632 732 dicta
655 692 742 746 jam
766 690 991 732 Ezechielis
1023 691 1165 734 oratio.
1224 694 1396 735 Factum
1425 698 1563 735 autem
1592 693 1691 735 illud
1721 693 1803 736 Dei

341 755 570 798 hominibus
594 755 744 798 imitari
771 771 853 798 non
876 757 994 799 licet:
1021 771 1153 813 neque
1181 773 1257 814 par
1283 758 1389 801 ratio
1419 765 1493 808 est,
1523 759 1631 814 quia,
1652 764 1698 801 ut
1714 758 1803 814 jam

342 821 529 871 diximus,
557 822 671 864 Deus
695 822 781 864 sine
805 823 933 878 culpae
957 822 1107 865 intuitu
1125 823 1193 879 jus
1213 824 1340 866 habet
1366 824 1408 865 in
1432 824 1585 874 vitam;
1620 824 1804 867 homines

341 902 422 929 non
445 887 522 929 nisi
545 903 596 929 ex
620 888 740 945 gravi
763 888 894 944 culpa,
920 894 962 930 et
985 888 1149 944 quidem
1174 905 1266 945 quae
1290 904 1475 946 personae
1499 890 1551 933 sit
1574 891 1754 946 propria.

442 955 471 995 4
519 954 658 1004 Quare
682 954 823 996 eadem
842 955 910 996 illa
934 954 1074 997 divina
1094 955 1174 1006 leX,
1197 962 1243 999 ut
1264 962 1456 1012 parentes
1474 971 1549 1013 pro
1568 956 1719 1007 liberis,
1744 956 1804 1000 ita

343 1021 394 1062 ob
417 1026 634 1076 parentum
652 1020 761 1062 facta
784 1020 934 1062 liberos
954 1020 1095 1063 mortis
1113 1036 1233 1077 poena
1250 1022 1353 1064 affici
1368 1028 1506 1084 vetati
1529 1037 1651 1078 quam
1669 1022 1803 1080 legem

343 1085 419 1143 zpii
442 1100 564 1143 reges
582 1085 703 1128 etiam
726 1085 767 1127 in
786 1086 1061 1142 perduellibus
1082 1087 1209 1130 secuti
1228 1088 1450 1146 leguntur:
1475 1103 1646 1145 eamque
1669 1088 1802 1146 legem

400 1208 416 1224 Χ
436 1203 575 1241 Insz'qnz's
598 1203 739 1242 quaedam
756 1202 870 1241 virtus]
894 1204 937 1233 Et
956 1204 1039 1242 pub-

340 1253 401 1282 lica
415 1253 539 1290 paterni
558 1253 697 1282 criminis
716 1253 894 1289 detestatio,
912 1254 1038 1291 qualem

340 1303 416 1332 fecit
430 1302 630 1332 Andronicus
640 1303 840 1340 Palaeologus
851 1303 1039 1340 Imperator,

340 1354 425 1391 apud
442 1354 618 1392 Gregoram
633 1354 714 1382 libro
729 1362 776 1382 VI.
791 1362 865 1391 pag.
879 1354 927 1383 81.
960 1353 1039 1391 (Ed.

344 1404 451 1434 (solon,
468 1413 523 1432 seu
540 1404 654 1433 Genev.
670 1402 772 1439 1616.)

399 1459 412 1480 ἵ
432 1454 508 1483 Ideo
524 1454 556 1482 in
570 1463 603 1482 eo
611 1453 723 1491 fidere
742 1452 830 1481 nulla
844 1455 945 1482 exstat
959 1462 1040 1482 com-

339 1504 469 1533 minatio
488 1513 638 1542 personas
654 1503 849 1540 peccantium
868 1501 1039 1540 eyrecliens]

341 1555 557 1584 Tertullianus
592 1554 629 1583 de
662 1553 869 1591 Monoyamia
880 1564 889 1582 .·
930 1553 1041 1583 desivit

340 1615 402 1633 uva
424 1604 537 1633 acerba
559 1613 580 1632 α
595 1603 744 1642 patribus
757 1602 946 1631 manducata
966 1603 1038 1632 [len-

341 1658 384 1683 ies
395 1654 540 1691 filiorum
555 1653 784 1691 obstupefacere
797 1663 805 1681 .·
830 1653 1040 1691 unusquisque

341 1703 419 1731 enim
434 1703 466 1731 in
481 1712 536 1731 suo
551 1702 662 1731 delicto
681 1701 840 1731 morietur.
882 1700 979 1740 (Cap.
996 1701 1039 1739 7.)

401 1759 413 1773 Ζ
432 1753 489 1781 Pii
513 1751 613 1790 reyes]
639 1753 683 1782 Ut
706 1751 850 1782 Amasias
875 1753 933 1790 (11.
956 1752 1038 1790 Reg.

342 1803 402 1832 xiv.
420 1802 468 1839 G.)

1164 1205 1177 1222 2
1197 1205 1251 1233 Nil
1267 1205 1305 1233 de
1324 1204 1380 1234 tali
1400 1204 1471 1243 lege
1486 1205 1571 1243 apud
1589 1206 1802 1244 Isocnnma,

1105 1252 1137 1279 in
1151 1251 1332 1280 laudatione
1347 1251 1511 1288 Busiridis,
1525 1252 1564 1280 ad
1576 1262 1670 1290 quam
1680 1253 1804 1282 Auctor

1106 1310 1163 1330 nos
1190 1301 1333 1337 remittit,
1367 1311 1425 1330 nec
1453 1302 1537 1338 alibi,
1571 1303 1656 1340 quod
1689 1303 1803 1333 sciam:

1106 1350 1201 1379 immo
1217 1351 1255 1379 de
1269 1351 1323 1379 illa
1337 1351 1427 1379 silere
1438 1351 1529 1380 video
1540 1361 1602 1388 eos,
1613 1353 1667 1390 qui
1679 1361 1716 1381 ex
1728 1361 1804 1390 pro-

1105 1401 1188 1430 fesso
1208 1410 1310 1430 mores
1327 1404 1359 1430 et
1377 1401 1464 1439 leges
1487 1401 1714 1439 AEgyptiorum
1737 1402 1803 1430 col-

1106 1449 1263 1487 legerunt,
1299 1458 1325 1478 e.
1343 1458 1375 1487 g.
1400 1449 1630 1485 BOECLERUM,
1657 1450 1748 1478 Tom.
1764 1458 1802 1479 11.

1107 1499 1242 1528 Dissert.
1257 1499 1350 1529 xxiii:
1373 1499 1611 1535 MARsuAMUM,
1623 1499 1654 1528 in
1678 1499 1803 1529 canone

1110 1548 1276 1586 Chronico,
1299 1548 1356 1578 διο.
1400 1548 1606 1578 Occasionem
1629 1549 1728 1578 errori
1747 1549 1802 1578 de-

1107 1599 1222 1628 derunt
1238 1599 1332 1627 verba
1345 1598 1414 1633 ista,
1437 1598 1508 1627 οὐόὲ
1529 1599 1574 1627 εἰς
1587 1599 1663 1627 ’τοὺς
1682 1598 1804 1627 παῖδας

1106 1646 1393 1685 ἀναβληθήσεσθαι
1405 1647 1467 1677 ‘rtis
1480 1648 1718 1685 thtwpiassstc.
1730 1656 1801 1685 quae

1106 1699 1258 1736 leguntur
1286 1706 1359 1736 pag.
1383 1697 1441 1727 226
1472 1706 1502 1727 o.
1549 1697 1613 1727 Ed.
1629 1697 1674 1727 H.
1692 1697 1799 1735 Steph.

1107 1749 1170 1779 Sed
1184 1748 1236 1777 ubi
1251 1748 1358 1786 agitur
1372 1748 1411 1776 de
1426 1747 1563 1776 vindicta
1576 1747 1690 1780 divina,
1707 1756 1802 1785 quam

1107 1799 1264 1838 putabant
1279 1797 1427 1836 AEgyptii
1448 1806 1511 1826 non
1532 1796 1659 1833 differri,
1677 1799 1713 1826 ut
1729 1805 1804 1835 pos-

343 1969 407 2003 thc
428 1968 595 2003 children
616 1971 703 2002 turn
724 1971 789 2003 out
810 1968 1014 2014 eminently
1033 1967 1220 2007 virtuous3
1251 1976 1290 1999 as
1317 1974 1378 1999 see
1399 1964 1510 1999 Ezek.
1532 1962 1643 2004 xviii„
1668 1962 1742 1997 and
1762 1973 1802 1997 as

343 2025 523 2060 Plutarch
540 2036 673 2070 proves
691 2025 740 2070 by
760 2025 958 2070 examples.

417 2087 438 2118 3
469 2082 553 2116 And
573 2082 685 2123 since,
700 2082 738 2115 in
755 2081 819 2116 the
835 2083 874 2117 Ν
876 2093 929 2116 ew
947 2082 1174 2120 Testament,
1191 2078 1255 2114 the
1273 2078 1530 2124 punishments
1547 2086 1610 2110 are
1627 2076 1800 2111 declared

343 2151 446 2174 more
472 2139 607 2185 clearly
639 2139 730 2173 than
761 2138 901 2179 before,
926 2137 1044 2172 which
1077 2137 1185 2171 await
1212 2135 1277 2170 the
1308 2134 1446 2169 wicked
1479 2133 1576 2167 after
1606 2132 1681 2167 this
1712 2132 1800 2174 life3

343 2196 532 2231 therefore
557 2196 597 2229 in
620 2195 702 2230 that
726 2196 795 2229 law
822 2195 929 2230 there
958 2195 989 2229 is
1014 2205 1062 2228 no
1092 2192 1329 2236 threatening
1358 2191 1400 2225 of
1417 2190 1657 2236 punishment
1681 2189 1800 2223 which

342 2265 430 2299 goes
446 2253 593 2299 beyond
614 2252 678 2287 the
698 2263 850 2299 persons
868 2252 911 2286 of
927 2251 990 2286 the
1012 2250 1216 2285 offenders:
1240 2253 1278 2283 to
1299 2247 1419 2282 which
1435 2247 1641 2292 especially,
1658 2245 1801 2291 though

342 2311 414 2345 less
436 2310 581 2355 openly,
602 2320 641 2343 as
670 2309 733 2343 the
759 2320 914 2343 manner
935 2308 978 2343 of
995 2307 1059 2343 the
1079 2306 1257 2353 prophets
1278 2306 1319 2346 is,
1340 2304 1421 2339 that
1441 2303 1632 2349 prophecy
1649 2302 1691 2337 of
1708 2304 1802 2337 Eze-

342 2367 417 2401 kiel
434 2367 550 2401 looks.
599 2366 674 2400 But
694 2365 768 2400 this
793 2365 870 2400 fact
891 2376 939 2400 on
959 2364 1024 2399 the
1044 2367 1128 2410 part
1145 2363 1188 2398 os
1206 2362 1287 2397 God
1306 2363 1335 2396 is
1353 2365 1418 2395 not
1439 2365 1477 2395 to
1494 2361 1541 2395 be
1561 2359 1732 2394 imitated
1751 2359 1802 2406 by

342 2433 450 2465 men3
474 2434 544 2457 nor
564 2423 594 2457 is
614 2422 678 2456 the
698 2433 831 2456 reason
857 2422 973 2456 alike:
1001 2421 1170 2461 because,
1198 2430 1237 2453 as
1266 2430 1320 2453 we
1346 2418 1440 2452 have
1465 2417 1554 2458 said,
1583 2416 1666 2451 God
1686 2415 1752 2450 has
1778 2427 1802 2450 a

343 2480 443 2525 right
467 2491 554 2514 over
580 2478 694 2513 men's
720 2479 809 2514 lives
830 2478 986 2513 without
1007 2477 1204 2523 regarding
1228 2475 1327 2510 their
1352 2474 1483 2509 faults:
1510 2474 1579 2508 but
1600 2484 1685 2507 men
1705 2473 1800 2507 have

342 2537 433 2571 such
457 2548 479 2571 a
504 2535 603 2581 right
625 2536 713 2581 only
737 2546 786 2570 on
811 2535 874 2570 the
904 2534 1050 2580 ground
1078 2533 1120 2569 of
1147 2545 1170 2567 a
1194 2543 1325 2578 graver
1348 2531 1454 2572 fault,
1480 2530 1555 2565 and
1585 2540 1656 2565 one
1681 2529 1800 2564 which

342 2593 494 2639 belongs
512 2592 709 2638 especially
727 2596 765 2627 to
782 2592 846 2627 the
863 2603 1009 2638 person.

415 2655 437 2684 4
468 2649 685 2684 Whereforc
706 2649 770 2683 thc
787 2660 887 2683 same
905 2649 1026 2683 divine
1043 2648 1123 2689 laW,
1144 2658 1182 2681 as
1203 2647 1233 2682 it
1252 2644 1393 2680 forbids
1410 2648 1559 2690 parents
1575 2647 1615 2679 to
1631 2643 1679 2678 be
1699 2643 1801 2689 capi-

343 2707 434 2751 tally
454 2706 636 2752 punished
656 2706 715 2740 for
736 2705 833 2740 their
859 2705 1038 2744 children,
1067 2715 1107 2739 so
1136 2704 1223 2738 does
1243 2704 1273 2737 it
1299 2702 1422 2737 forbid
1443 2701 1611 2736 children
1630 2704 1669 2734 to
1690 2700 1738 2734 be
1757 2710 1798 2734 so

343 2763 525 2805 punished
545 2763 605 2796 for
625 2762 722 2797 their
742 2766 904 2808 parents.
954 2761 1039 2796 And
1059 2761 1132 2795 this
1152 2761 1222 2795 law
1242 2760 1347 2805 pious
1367 2759 1473 2804 kings
1494 2757 1587 2792 have
1608 2756 1798 2796 observed,

343 2828 436 2851 even
463 2818 550 2852 with
580 2819 712 2863 regard
741 2823 780 2853 to
812 2819 910 2853 their
939 2829 1035 2864 open
1065 2818 1250 2857 enemies3
1285 2815 1358 2849 and
1386 2815 1451 2849 the
1481 2815 1561 2848 rule
1590 2814 1619 2848 is
1654 2811 1798 2857 greatly

341 2873 487 2919 praised
504 2874 553 2919 by
572 2875 755 2920 Josephus
776 2876 850 2909 and
867 2875 986 2915 Philo,
1012 2886 1051 2910 as
1074 2875 1151 2909 also
1172 2885 1194 2908 a
1211 2873 1350 2908 similar
1366 2872 1432 2906 law
1456 2871 1498 2906 of
1515 2871 1637 2915 Egypt
1653 2869 1702 2914 by
1719 2868 1798 2901 Iso-
