2018 3204
275 119 328 157 82
750 124 818 157 DE
850 123 1250 158 CONTRACTIBUS.
1567 123 1660 167 [Lm.
1680 123 1729 159 ΙΙ.

274 232 459 284 ducendi,
484 234 538 277 ad
573 233 854 291 praecidendas
889 232 1189 274 controversias
1220 231 1409 282 infinitas,
1436 238 1478 275 et
1501 234 1552 276 ob
1576 233 1734 277 incerta

272 315 410 341 rerum
446 300 581 356 pretia
615 301 724 342 inter
756 314 836 348 cos,
862 298 931 354 qui
964 312 1216 339 communem
1247 298 1426 355 judicem
1450 314 1532 340 non
1562 300 1730 352 habent,

272 365 589 422 inexplicabiles,
623 381 714 423 quae
751 365 874 407 vitari
907 379 988 405 non
1012 369 1205 420 poterant
1228 365 1261 406 si
1284 365 1335 406 ob
1359 364 1684 420 inaequalitatem
1707 380 1734 408 a

53 445 243 500 &gilvulzzuyu
273 432 403 488 pactis
449 432 659 474 discedere
701 431 892 473 licuisset.
956 432 1066 471 Hoec
1103 438 1163 472 est
1198 432 1392 473 emtionis
1426 439 1553 485 atque
1589 433 1733 474 vendi-

59 483 166 531 ‘Ven'dfc
204 482 253 500 Μ’
275 499 404 540 tionis
437 499 684 539 substantia
718 497 851 551 (aiunt
881 497 1171 552 Imperatores,
1201 496 1439 538 substantiae
1463 496 1626 539 nomine
1649 512 1733 539 mo-

272 578 358 605 rem
383 568 627 618 perpetuum
651 562 944 620 significantes)
970 563 1082 615 quod
1105 570 1237 604 emtor
1259 564 1411 604 viliore
1432 565 1731 618 comparandi,

270 630 464 671 venditor
496 631 665 671 cariore
699 629 974 670 distrahendi
1009 636 1150 669 votum
1181 636 1370 683 gerentes
1404 630 1465 670 ad
1498 630 1610 671 hunc
1639 644 1735 671 con-

272 703 460 736 tractum
492 697 714 745 accedant,
751 696 905 750 vixque
941 696 1061 749 qpost
1096 695 1257 735 multas
1293 695 1586 744 contentiones,
1619 710 1733 753 pau-

272 761 397 802 latim
425 762 642 803 venditore
675 763 726 802 de
761 775 806 802 eo
839 762 953 816 quod
976 761 1167 815 petierat
1190 761 1448 810 detrahente,
1479 769 1632 803 emtore
1655 776 1733 803 au-

272 835 352 868 tem
388 828 489 868 ltuic
530 829 643 882 quod
679 827 894 868 obtulerat
933 828 1129 875 addente,
1173 827 1234 867 ad
1269 834 1431 868 certum
1466 828 1733 869 consentiant

50 901 239 954 11336-110‘13022·
263 893 468 948 pretium.
554 893 711 934 Seneca
755 892 814 934 ait
856 892 934 933 hoc
973 891 1042 947 jus
1085 890 1333 947 respiciens:
1392 893 1510 944 Quid
1557 894 1733 935 interest

271 960 424 1014 quanti
463 960 563 1008 sint,
606 974 702 1001 cum
743 960 794 1000 de
828 959 974 1013 pretio
1017 959 1131 1000 inter
1172 966 1370 1000 ementem
1410 966 1449 1000 et
1491 960 1733 1001 vendentem

271 1025 549 1066 convenerit?
637 1025 772 1066 Nihil
797 1025 1013 1066 venditori
1048 1024 1167 1066 debet
1207 1025 1283 1079 qui
1315 1025 1412 1066 bene
1451 1026 1563 1066 emit.
1647 1024 1733 1066 An-

50 1098 187 1123 N1'0·v-5·
271 1090 461 1132 dronieus
494 1090 683 1132 Rhodius
715 1105 836 1132 sensu
868 1090 1037 1131 eodem:
1086 1088 1143 1132 ’τὸ
1177 1087 1271 1149 ’γάρ
1308 1086 1355 1132 ἐν
1390 1090 1481 1136 τοῖς
1523 1087 1731 1137 ἑκουσίοις

270 1154 616 1214 συναλλαΎμαῠἹ
672 1151 815 1217 ΚΕΡδΟς·
872 1151 976 1199 oistre
1026 1150 1165 1198 ἄδίκόν
1215 1153 1352 1209 ἐστιν,
1406 1175 1511 1199 01176
1566 1153 1732 1200 &velwe-

271 1241 358 1266 ται.
403 1241 572 1266 τουτων
613 1241 707 1282 ’γαρ
751 1216 893 1265 ἄδειαν
930 1216 1132 1265 ἔδωκεν
1111 1241 1134 1264 ο
1171 1218 1308 1270 νόμος”
1377 1223 1585 1271 Lucrum,
1619 1224 1732 1276 quod

269 1285 510 1331 ⁷voluntate
539 1289 882 1331 contrahentium
910 1289 1170 1343 percipitur,
1203 1303 1278 1330 nec
1312 1288 1520 1342 injustum
1549 1296 1621 1337 est,
1657 1302 1732 1330 nec

268 1355 515 1408 corrigyitur.
580 1355 694 1408 Ejus
728 1355 841 1396 enim
871 1355 936 1396 rei
964 1354 1185 1395 licentiam
1218 1354 1283 1395 leac
1311 1355 1548 1395 concesssit.

44 1428 220 1483 233¹&ssOE
367 1421 395 1460 4
443 1421 497 1469 Is,
523 1433 645 1475 quem
668 1419 847 1461 indicavi
870 1418 992 1474 paulo
1016 1424 1125 1467 ante,
1152 1417 1328 1474 scriptor
1352 1418 1448 1460 vitae
1473 1418 1633 1468 Isidori,
1657 1418 1730 1460 mi-

46 1477 176 1519 1‘·1<'J4⁴·'
266 1484 378 1526 noris
413 1484 526 1541 justo
570 1499 719 1534 emere,
761 1489 833 1526 aut
871 1484 1001 1540 pluris
1041 1483 1233 1533 vendere,
1276 1489 1398 1526 vocat
1438 1478 1603 1528 ἀδικίαν
1647 1481 1732 1527 ὑπὸ

264 1549 343 1602 μὲν
381 1553 462 1595 τοῦ
506 1548 632 1605 νόμον
673 1547 927 1612 ἀφειμένην,
974 1546 1029 1592 τὸ
1081 1545 1125 1592 δὲ
1169 1543 1326 1593 δίκαιον
1368 1547 1730 1610 ἀνατρέπουσαν·

264 1618 529 1670 injustitiam
570 1633 600 1659 a
639 1618 724 1672 lesse
765 1618 937 1672 quidem
971 1617 1247 1671 permissam,
1292 1617 1366 1657 sed
1406 1631 1500 1671 quae
1539 1631 1586 1659 re
1631 1618 1733 1672 ipsa

255 1683 422 1736 justum
445 1691 682 1738 pervertat.

265 1796 340 1826 ciosi
355 1797 484 1835 querela
497 1797 687 1827 instituitur.
703 1797 724 1826 1.
743 1797 789 1827 19.
811 1799 924 1826 mater.
938 1797 960 1825 1.
1031 1796 1122 1826 tarde
1140 1798 1325 1835 perveniant
1346 1798 1392 1827 ad
1408 1798 1491 1835 justi
1507 1799 1607 1836 pretii
1623 1799 1733 1837 finem,

265 1856 338 1876 nam
362 1848 431 1876 etsi.
459 1848 508 1876 15.
531 1847 551 1876 l.
573 1848 665 1876 circa.
681 1848 729 1876 24.
753 1847 795 1876 D.
821 1847 858 1875 de
870 1847 963 1885 Inoff.
1031 1847 1137 1884 itaque
1151 1847 1240 1885 apud
1253 1848 1398 1886 antiquos
1408 1849 1518 1886 prima
1531 1849 1656 1886 syllaba
1670 1858 1733 1886 per

270 1896 451 1925 Testament.
469 1896 576 1925 addita
590 1896 611 1925 1.
629 1905 699 1925 cum
715 1897 838 1924 duobus
859 1897 905 1925 13.
923 1896 960 1926 C.
1037 1896 1071 1925 U
1083 1896 1205 1925 literam
1220 1898 1422 1927 scribebatur.
1446 1898 1661 1933 Quintilianus
1676 1899 1732 1927 de-

264 1945 374 1973 eodem
390 1945 495 1974 titulo,
1031 1943 1220 1973 clamatione
1234 1954 1291 1982 pro
1305 1945 1423 1974 civibus
1437 1958 1444 1977 ς
1464 1946 1518 1974 diu
1534 1947 1733 1976 concionatus

322 1999 336 2019 q
357 1994 437 2023 Post
455 1994 569 2023 multas
590 1994 806 2032 contentiones]
829 1995 962 2023 Festus:
1031 1995 1085 2021 est.
1108 1993 1290 2030 (Dectxn.
1303 1996 1455 2031 pag.218.
1490 1995 1555 2024 Ed.
1569 1995 1731 2034 Obrecht.)

266 2041 415 2071 Cociones
441 2041 518 2070 dicti
544 2041 687 2069 videntur
713 2050 734 2069 α
763 2041 965 2077 cunctatione,
1090 2042 1104 2061 '7
1125 2042 1322 2071 Vertendum
1339 2046 1420 2073 erat:
1436 2044 1521 2082 quod
1533 2045 1566 2073 in
1580 2044 1732 2075 Contrac-

262 2091 347 2129 quod
367 2091 400 2119 in
419 2090 553 2120 emendis
571 2089 795 2128 vendendisque
814 2090 964 2119 mercibus
1033 2091 1113 2120 tibus
1126 2091 1323 2129 voluntariis,
1339 2091 1397 2122 &c.
1438 2093 1474 2123 J.
1488 2092 1530 2123 B.

262 2255 422 2296 evident,
452 2256 491 2289 in
519 2255 630 2290 order
655 2259 695 2290 to
723 2256 870 2291 obviate
890 2256 1036 2292 infinite
1066 2257 1344 2299 controveisies,
1370 2255 1490 2291 which
1522 2255 1632 2291 could
1658 2258 1726 2291 not

260 2311 354 2346 have
389 2312 484 2346 been
515 2316 582 2358 put
612 2324 661 2347 on
687 2313 788 2348 clear
815 2314 978 2358 grounds
1009 2314 1048 2347 in
1082 2324 1335 2359 consequence
1364 2314 1407 2348 of
1433 2313 1498 2348 the
1530 2313 1726 2347 uncertain

259 2369 378 2413 prices
400 2369 442 2403 of
458 2369 582 2415 things
602 2380 738 2415 among
757 2369 864 2404 those
885 2369 966 2404 who
987 2370 1082 2405 have
1102 2381 1151 2405 no
1169 2381 1341 2404 common
1357 2369 1484 2415 judge,
1513 2369 1587 2403 and
1606 2368 1727 2403 which

259 2425 380 2459 would
400 2425 494 2460 have
515 2426 694 2461 occurred
714 2426 747 2460 if
772 2427 801 2460 it
821 2426 896 2460 had
916 2426 1013 2461 been
1033 2427 1219 2462 reckoned
1240 2426 1368 2461 lawful
1396 2431 1436 2461 to
1465 2426 1599 2471 depart
1627 2425 1727 2460 from

258 2486 361 2525 pacts
389 2493 437 2516 on
457 2487 615 2517 account
635 2483 679 2517 of
705 2483 770 2518 the
798 2483 1002 2530 inequality
1030 2484 1074 2518 of
1094 2483 1313 2518 conditions.
1378 2484 1428 2518 So
1457 2482 1521 2517 the
1550 2482 1727 2528 Imperial

257 2539 362 2573 Laws
379 2540 569 2585 recognize
583 2540 730 2586 Buying
746 2540 819 2574 and
835 2540 976 2586 Selling
993 2551 1032 2575 as
1053 2541 1164 2586 being
1179 2540 1244 2575 the
1262 2540 1377 2575 result
1392 2540 1434 2575 of
1446 2540 1535 2584 long
1550 2539 1727 2585 haggling

258 2596 330 2629 and
350 2596 439 2630 final
460 2601 686 2642 agreement.
750 2597 799 2631 So
821 2597 974 2639 Seneca,
998 2598 1073 2632 and
1093 2598 1326 2632 Andronicus
1346 2596 1527 2631 Rhodius.

334 2657 356 2686 4
389 2653 469 2688 Thc
496 2654 620 2688 writer
646 2653 690 2688 of
717 2653 783 2689 the
814 2654 880 2689 life
905 2654 950 2689 of
975 2655 1117 2690 Isidore
1147 2655 1237 2689 calls
1263 2654 1347 2695 this,
1377 2654 1548 2699 injustice
1570 2653 1724 2688 allowed

258 2707 308 2753 by
327 2709 408 2744 law,
