2018 3204
203 182 292 217 CAr.
314 179 422 227 XX]
785 183 853 218 DE
885 184 1066 220 POENIS.
1582 177 1664 219 299

431 291 527 334 zQui
547 303 632 328 cum
652 293 700 328 sit
720 294 875 340 opulens
895 295 1067 340 nequiter
1085 295 1282 341 quicquam
1303 294 1404 336 facit,

432 348 554 391 Hunc,
575 350 605 385 si
625 354 721 385 esset
740 362 894 397 pauper,
914 352 1003 398 quid
1023 363 1098 387 non
1119 352 1308 391 facturum
1327 351 1458 398 putas?

203 415 259 457 Et
282 428 374 470 quae
397 413 440 455 in
460 428 601 456 senum
625 429 784 457 amores
807 415 957 471 passim
980 416 1022 458 in
1045 415 1253 459 comoediis
1276 415 1464 473 legimus.
1512 415 1577 456 Ex
1600 414 1665 457 his

202 479 331 536 igitur
355 479 486 522 causis
509 479 793 522 aestimandum
817 481 1007 523 meritum
1034 481 1145 524 intra
1167 481 1276 538 quod
1297 496 1422 539 poena
1444 480 1665 524 consistere

201 545 363 587 debeat.

302 611 488 654 XXXII.
546 611 568 651 1
619 610 859 653 Tenendum
885 617 1023 654 autem
1047 618 1110 655 est
1133 613 1242 669 quod
1265 611 1535 670 Pythagorici
1559 612 1665 654 dice-

201 675 314 725 bant,
328 676 531 732 justitiam
551 690 639 718 esse
662 674 741 720 3τὸ
764 675 1092 727 ἀντιπεπονθὸς,
1111 678 1154 720 id
1177 684 1257 728 est,
1274 693 1416 734 parem
1435 677 1664 734 passionem

201 741 244 783 in
266 742 406 798 poenis,
431 741 474 784 id
497 756 579 783 non
603 742 664 785 ita
693 742 822 798 accipi
854 743 1007 786 debere
1031 743 1146 799 quasi
1169 743 1239 799 qui
1262 743 1382 785 alteri
1405 743 1542 785 nocuit
1565 743 1664 784 deli-

201 807 345 849 berato
380 813 424 850 et
456 807 544 850 sine
578 808 708 850 causis
742 808 902 864 culpam
933 809 1055 851 valde
1088 809 1378 858 minuentibus,
1419 808 1663 851 tantundem

200 873 433 915 nocumenti
456 888 531 915 nec
551 874 725 930 amplius
748 874 859 916 ferre
877 874 1038 916 debeat.
1086 875 1136 916 Id
1159 874 1266 916 enim
1285 888 1367 915 non
1389 873 1448 916 ita
1468 887 1557 915 esse
1574 873 1663 929 ipsa

200 938 281 988 lex,
307 953 398 994 quae
418 939 556 997 legum
580 940 758 981 omnium
777 939 1115 995 perfectissimum
1133 938 1344 995 exemplar
1368 944 1443 990 est,
1469 939 1660 988 ostendit,
1679 948 1844 975 Mod-xxi·L
1861 950 1882 973 ¹-

200 1018 292 1046 cum
321 1005 434 1047 furta
465 1005 694 1061 quadruplo
725 1011 798 1047 aut
829 1004 1042 1061 quintuplo
1067 1005 1154 1048 vult
1184 1004 1251 1046 lui.
1314 1005 1371 1046 Et
1401 1004 1494 1061 lege
1525 1004 1664 1047 Attica

200 1069 281 1120 sur,
306 1066 443 1113 bultra
466 1071 580 1126 dupli
603 1071 992 1121 condemnationem,
1018 1085 1094 1127 per
1117 1070 1205 1113 dies
1229 1069 1386 1125 aliquot
1409 1071 1570 1113 vinctus
1592 1071 1665 1113 ha-

200 1136 388 1186 bebatur,
424 1142 470 1179 ut
499 1137 799 1178 Demosthenes
829 1135 871 1178 in
904 1135 1178 1178 Timocratem
1206 1150 1281 1178 nos
1315 1136 1446 1178 docet.

1515 1137 1663 1192 Lefses,
1684 1147 1747 1178 Pag.
1760 1147 1807 1175 476
1815 1153 1841 1171 c.

200 1201 333 1257 inquit
361 1201 614 1252 Ambrosius,
650 1217 703 1244 ecc
726 1217 819 1258 quae
846 1203 1046 1244 detracta
1074 1210 1174 1245 sunt
1203 1203 1342 1244 alicui
1372 1217 1468 1245 cum
1496 1203 1666 1257 ioy‘uria
1686 1216 1755 1249 offic.
1766 1216 1803 1240 iii.
1815 1216 1840 1240 ³.

195 1282 390 1326 personae
413 1275 492 1309 aut
513 1269 579 1311 rei
602 1269 746 1323 ipsius
768 1269 936 1310 cumulo
965 1269 1138 1310 restitui
1160 1269 1390 1324 imperant,
1415 1283 1496 1324 quo
1513 1269 1666 1323 farem

201 1348 232 1375 a
266 1335 527 1376 detrahendo
562 1341 640 1375 aut
668 1349 802 1389 poena
841 1335 1099 1387 deterreant,
1136 1342 1215 1375 aut
1252 1335 1416 1376 mulcta
1459 1343 1663 1376 revocent.

201 1398 406 1442 Aristides
419 1401 655 1442 Leuctrica
677 1399 882 1442 secunda:
915 1400 1008 1446 τοῖς
1038 1396 1082 1442 ἐν
1111 1395 1399 1457 δικαστηριοις
1430 1396 1664 1456 ἑπεξιουσι,
1683 1414 1763 1469 gam..
1775 1419 1807 1438 11·
1819 1420 1847 1444 ιι·

201 1484 296 1512 ’ΤΟῑς
319 1460 551 1517 αδικήσασι
571 1462 796 1526 μείζονα
770 1485 794 1517 77
819 1461 912 1508 lca&
935 1460 963 1507 ἃ
987 1462 1235 1509 πΕΊΓΟνΘαΟἹ
1259 1459 1430 1508 δΕδΟΤαι
1455 1484 1554 1524 περὶ
1579 1467 1667 1508 ’Τῶν

203 1528 338 1582 νόμων
369 1532 426 1578 εἰς
449 1531 652 1591 τιμωρίας
688 1527 845 1588 λόγον
881 1532 950 1572 his
974 1532 1049 1583 qui
1065 1531 1237 1585 judicio
1266 1531 1421 1572 illatas
1447 1531 1532 1572 siba
1555 1531 1666 1584 inja-

202 1598 298 1639 rias
330 1605 660 1652 persequuntur,
698 1597 869 1650 majora
915 1596 1022 1650 Zeyes
1053 1597 1315 1652 permittunt
1343 1611 1430 1651 pro
1470 1597 1668 1639 vindicta

202 1722 296 1751 quam
306 1712 411 1751 facit]
451 1712 693 1751 Clirysostomus
726 1712 764 1741 de
784 1712 902 1742 Provi-

202 1762 308 1791 dentia
324 1771 368 1791 w.
393 1761 509 1800 [Immo
522 1771 550 1790 v.
565 1770 640 1799 pag.
650 1762 718 1791 878.
735 1761 824 1790 Tem.
838 1760 900 1798 vr]

202 1810 293 1840 ὥστε
315 1811 397 1840 ὅταν
419 1811 484 1848 ἴδῃς
504 1811 566 1839 τὸν
592 1810 808 1839 πλουτοῦντα
835 1809 901 1839 α’ὂι-

203 1861 336 1897 κοῦντα,
371 1860 655 1895 πλεονεκτοῦντα,
694 1858 900 1896 ἁρπάζοντα,

203 1910 257 1939 διά
284 1910 386 1939 τοῦτο
412 1909 564 1947 μάλιστα
597 1909 699 1938 αὑτὸν
726 1908 900 1947 στέναξον,

203 1960 338 1990 ἐπειδάν
355 1959 514 1988 πλούσιος
529 1958 572 1987 ὠν
584 1959 695 1987 ταῦτα
709 1961 809 1987 ποιεῖ.
829 1959 900 1996 μεί·

204 2009 280 2048 ζονα
303 2008 368 2047 γάρ
391 2008 503 2037 δίδωσι
526 2007 698 2046 τιμωρίαν·
727 2017 825 2046 quare
847 2008 901 2037 ubi

203 2059 328 2088 divitem
341 2058 457 2088 videris
471 2058 626 2094 injustum,
645 2067 785 2094 avarum,
802 2068 901 2096 rapa-

203 2118 274 2145 cem,
290 2109 346 2138 Izoc
360 2108 460 2146 maqz's
470 2117 536 2136 eum
549 2107 708 2144 miserare,
723 2108 806 2145 qnod
819 2108 902 2136 talia

205 2159 289 2188 dives
300 2158 419 2196 saciat.
465 2158 511 2187 Ob
533 2157 567 2187 id
588 2157 688 2196 ipsum
708 2158 788 2186 enim
802 2157 899 2196 puni-

202 2211 272 2239 etur
283 2209 424 2247 qravius.

205 2362 368 2409 phanes3
393 2361 466 2396 and
488 2361 549 2396 old
570 2372 656 2396 men
677 2362 714 2395 in
740 2361 833 2402 love,
858 2362 895 2396 in
916 2361 1112 2396 comedies.

1027 1716 1041 1732 ³
1068 1711 1113 1740 Τὸ
1139 1711 1399 1750 ἀντιπεπονθὸς]
1434 1712 1669 1742 Ταυτοπᾰθεια

967 1757 1218 1796 IIarmenoJmlo.
1257 1758 1421 1796 (Prompt.
1441 1758 1511 1788 Lib.
1523 1767 1547 1789 1.
1563 1759 1667 1789 Tit.2.

967 1807 986 1846 ἓ
1000 1808 1070 1845 34.)

1031 1856 1045 1877 b
1067 1857 1162 1887 Ultra
1183 1857 1273 1895 dupli
1293 1857 1584 1896 condemnationem]
1608 1858 1667 1887 Al-

966 1907 1049 1937 ludit
1063 1907 1124 1936 hue
1145 1907 1234 1935 locus
1255 1907 1358 1944 Apoe.
1374 1907 1458 1937 xviii.
1472 1907 1501 1937 6.
1535 1908 1670 1937 Reddite

967 1956 1106 1994 duplum.
1149 1956 1303 1985 Hercules
1319 1957 1453 1995 Minyas,
1472 1957 1526 1994 qui
1549 1967 1568 1986 a
1583 1957 1669 1986 The-

967 2007 1058 2036 banis
1085 2006 1152 2035 sine
1174 2006 1248 2045 jure
1275 2007 1431 2036 tributum
1459 2010 1668 2044 extorserant,

968 2056 1100 2095 duplum
1116 2057 1223 2094 coegit
1231 2056 1298 2094 ejus
1311 2056 1421 2086 tributi
1431 2057 1570 2095 pendere
1583 2057 1669 2086 The-

967 2106 1068 2135 banis.
1110 2105 1328 2144 Apollodorus
1355 2106 1426 2137 Lib.
1459 2115 1497 2135 11.
1527 2106 1615 2145 (cap.
1638 2107 1669 2135 3.

969 2156 988 2195 g
1007 2156 1070 2194 11.)

1172 2360 1257 2394 And
1279 2359 1329 2405 by
1345 2358 1450 2394 these
1467 2359 1667 2405 principles

206 2430 261 2454 we
286 2423 385 2453 must
410 2419 581 2453 estimate
609 2418 673 2453 the
693 2419 853 2464 limiting
881 2422 1035 2453 amount
1061 2417 1103 2452 of
1124 2416 1366 2463 punishment
1400 2416 1599 2462 according
1627 2420 1667 2452 to

206 2476 342 2511 desert.

277 2533 447 2567 XXXII.

510 2536 528 2566 1
569 2532 638 2566 We
663 2535 762 2566 must
788 2531 937 2567 remark
959 2531 1040 2566 that
1060 2530 1123 2565 the
1146 2530 1313 2565 doctrine
1335 2529 1378 2564 of
1395 2529 1458 2564 the
1479 2529 1667 2575 Pythago-

206 2600 326 2630 reans,
344 2589 425 2623 that
440 2589 575 2634 justice
592 2589 622 2623 is
643 2601 666 2622 a
686 2589 879 2634 reciprocat
893 2588 1117 2633 proper-tion,
1131 2588 1160 2622 is
1181 2591 1247 2622 not
1264 2591 1302 2621 to
1318 2586 1365 2621 be
1382 2597 1421 2620 so
1440 2586 1667 2621 understood

207 2657 247 2681 as
264 2646 297 2679 if
314 2646 362 2680 he
382 2645 462 2680 who
482 2645 549 2680 has
569 2645 811 2690 deliberately
832 2645 905 2679 and
932 2645 1086 2679 without
1104 2644 1344 2688 extenuating
1365 2653 1503 2683 causes,
1521 2643 1667 2688 injured

207 2702 377 2744 another,
397 2702 529 2737 should
559 2702 711 2736 himself
725 2702 868 2736 receive
893 2711 933 2736 so
954 2700 1065 2735 much
1090 2701 1207 2741 harm,
1232 2700 1305 2734 and
1323 2710 1370 2733 no
1391 2710 1506 2733 more.
1569 2699 1668 2734 That

208 2760 282 2795 this
311 2759 340 2794 is
361 2763 427 2794 not
454 2770 506 2800 se,
536 2758 600 2793 the
626 2758 785 2793 Hebrew
812 2758 881 2792 law
905 2757 1033 2798 shows,
1058 2757 1164 2792 when
1194 2757 1223 2791 it
1244 2757 1378 2791 directs
1403 2755 1519 2791 thefts
1547 2759 1586 2790 to
1618 2756 1667 2791 bo

209 2816 392 2863 punished
413 2816 462 2862 by
481 2816 609 2850 forfeit
638 2819 675 2849 to
701 2815 786 2849 four
811 2826 852 2849 or
872 2815 943 2849 five
964 2815 1072 2849 times
1093 2814 1156 2849 the
1178 2817 1343 2848 amount.
1405 2813 1462 2859 By
1481 2812 1545 2847 the
1566 2813 1667 2848 Attic

207 2874 308 2915 Law,
336 2873 400 2908 the
425 2872 529 2914 thies,
551 2872 695 2907 besides
717 2883 738 2905 a
759 2872 832 2906 fine
853 2871 896 2906 of
913 2871 976 2906 the
997 2871 1145 2914 double,
1165 2881 1237 2906 was
1257 2871 1348 2918 kept
1367 2870 1407 2904 in
1426 2869 1544 2905 bonds
1565 2880 1667 2906 some

209 2930 311 2978 days.
375 2930 424 2965 So
445 2929 636 2972 Ambrose,
660 2928 850 2970 Aristich,
873 2929 1025 2964 Seneca.
