2018 3204
344 157 427 197 142
623 162 691 196 DE
722 160 1010 196 FEDERIBUS
1042 159 1104 194 Ac
1137 159 1523 195 SPONSIONIBUS.
1639 156 1792 204 [Lm.11

440 271 465 312 8
511 269 748 312 Notandum
774 272 815 309 et
843 267 932 317 hoc,
966 266 1149 322 pejorem
1176 265 1300 308 fuisse
1324 281 1487 309 oausam
1519 280 1661 308 eorum
1685 265 1756 322 qui
1777 280 1804 309 a

344 336 375 376 J
379 337 504 378 acobo
536 335 617 377 orti
642 335 778 376 Deum
809 333 914 375 bene
938 332 1146 388 cognitum
1176 332 1457 381 deseruerant,
1483 347 1607 388 quam
1636 331 1807 388 populo-

345 417 437 444 rum
467 407 768 443 extraneorum.
838 399 947 439 Nam
979 398 1022 438 in
1050 397 1277 440 defectores
1307 398 1398 439 illos
1427 397 1555 440 ceteri
1586 398 1808 454 populares

346 468 614 509 armabantur
638 465 758 521 qlege
782 479 874 519 quae
897 469 1033 505 exstat
1055 464 1179 505 Deut.
1205 463 1288 505 xiii.
1310 466 1378 505 13.

449 535 475 574 9
522 534 597 574 Est
632 537 674 573 ct
707 530 777 572 ubi
815 529 1033 585 culpantur
1071 529 1228 579 federa,
1267 530 1319 571 ob
1351 529 1475 571 animi
1515 529 1661 571 vitium
1698 529 1810 572 unde

129 613 249 661 gem-az.
263 611 318 636 xvi.
348 598 654 654 procedebant3
689 596 748 638 ita
771 611 796 638 a
819 596 1030 651 Propheta
1052 595 1328 651 reprehensus
1348 595 1445 645 Asa,
1472 595 1581 650 quod
1605 595 1660 637 ad
1683 594 1809 637 socie-

130 654 312 699 mavum.
349 670 476 706 tatem
506 663 606 721 Syri
636 678 680 705 se
705 661 942 704 contulisset
968 662 1057 702 Deo
1086 661 1263 703 diffisus:
1300 661 1411 716 quod
1444 661 1682 703 ostenderat
1716 675 1810 702 cum

349 745 416 772 res
439 731 529 771 Deo
554 735 735 771 sacratas
757 728 812 770 ad
838 728 992 783 Syrum
1023 726 1218 769 mitteret.
1290 727 1373 769 Sed
1401 741 1549 782 nempe
1573 728 1668 768 Rex
1700 725 1810 768 idem

131 807 202 831 Ibid-
215 806 271 830 xvi·
286 806 322 829 12·
350 796 537 852 culpatus
572 796 680 851 quod
708 794 750 836 in
778 793 943 836 medicis
977 807 1091 849 spem
1120 792 1334 849 posuisset,
1366 807 1448 834 non
1476 792 1518 834 in
1543 793 1644 834 Deo.
1714 793 1811 834 Non

131 838 226 861 Ambr.
238 837 275 860 ad

130 867 324 926 §ggggffi‘I-‚fig
351 877 452 918 ergo
489 877 540 903 ex
571 862 648 903 hac
682 860 854 903 historia
882 859 1011 916 magis
1041 859 1239 914 sequitur,
1277 873 1353 915 per
1381 873 1424 900 se
1455 863 1528 900 aut
1561 858 1811 915 generaliter

132 928 324 984 g1353}²*l¹“²⁶·
352 928 503 969 malum
538 942 625 969 csse
657 926 891 969 societatem
926 925 1172 967 contrahere
1209 940 1300 966 cum
1335 924 1486 966 talibus
1520 923 1661 979 quales
1691 929 1812 966 erant

354 993 465 1050 Syri,
490 1008 613 1049 quam
636 993 814 1035 medicos
842 991 1065 1034 consulere.
1125 991 1260 1033 Multa
1287 990 1393 1032 enim
1418 1005 1500 1031 non
1529 990 1671 1032 illicita
1694 989 1813 1032 vitiat

132 1071 330 1128 {gaggi-3:513·
352 1059 522 1109 animus,
558 1065 605 1101 ut
644 1075 807 1101 censum
847 1058 891 1099 in
927 1056 1101 1105 Davide,
1138 1057 1428 1099 thesaurorum
1464 1055 1736 1098 ostensionem
1769 1055 1814 1097 in

133 1126 538 1168 Esa{.xxxi.1.Ezechia.
612 1125 678 1167 Sic
706 1125 804 1166 alibi
836 1123 983 1165 fiducia
1011 1122 1053 1163 in
1084 1123 1291 1180 AEgyptio
1320 1122 1452 1178 posita
1481 1121 1812 1178 reprehenditur,

134 1195 271 1226 meam.
288 1196 309 1220 1·
351 1206 443 1233 cum
483 1197 622 1233 tamen
662 1190 870 1233 Solomoni
909 1204 1000 1231 cum
1040 1189 1247 1246 AEgyptio
1289 1188 1528 1230 affinitatem
1567 1188 1813 1230 contrahere

350 1257 523 1299 licuerit.

135 1336 324 1362 Deuaxxvm.
450 1324 503 1364 10
554 1322 712 1372 Quibus
735 1327 778 1363 et
800 1321 878 1362 hoc
900 1320 1135 1362 addendum
1156 1324 1230 1369 est,
1254 1320 1456 1361 Hebraeos
1477 1320 1554 1362 sub
1577 1324 1691 1362 statu
1710 1317 1814 1376 legis

134 1368 157 1396 7'
352 1388 505 1430 veteris
527 1388 702 1430 disertas
725 1386 916 1428 habuisse
946 1385 1233 1442 promissiones
1256 1386 1439 1428 victoriae
1463 1386 1496 1427 si
1519 1386 1653 1442 legem
1677 1385 1815 1427 obser-

353 1459 514 1504 varent,
540 1468 620 1509 quo
646 1453 778 1494 minus
809 1452 1105 1493 recurrendum
1129 1451 1338 1493 habebant
1361 1451 1416 1492 ad
1445 1452 1625 1493 humana
1648 1450 1814 1493 auxilia.

137 1528 250 1587 &3²22AE
266 1529 333 1582 ggii.
356 1520 537 1562 Exstant
561 1519 724 1576 quidem
749 1524 791 1560 et
814 1518 926 1574 apud
952 1517 1209 1560 Solomonem
1240 1517 1453 1558 sententiae
1477 1531 1559 1558 non
1581 1531 1737 1573 paucae,
1762 1516 1816 1559 de

136 1590 183 1619 24³
200 1591 274 1613 ²²⁸1st
286 1590 307 1612 1·
355 1585 534 1628 vitandis
556 1585 769 1627 consortiis
786 1584 1015 1640 impiorum.
1063 1583 1146 1625 Sed
1165 1583 1253 1624 haec
1276 1582 1507 1639 prudentiae
1531 1583 1685 1624 monita
1706 1587 1814 1633 sunt,

354 1666 437 1693 non
466 1652 571 1709 legis
594 1656 829 1707 praecepta:
864 1655 906 1692 et
929 1649 999 1690 illa
1022 1649 1111 1705 ipsa
1137 1648 1306 1698 monita,
1334 1654 1382 1691 ut
1410 1648 1582 1690 moralia
1603 1649 1815 1705 pleraque,

355 1717 552 1773 plurimas
575 1718 730 1759 habent
754 1715 1025 1771 exceptiones.

457 1784 509 1824 X.
570 1785 594 1823 1
642 1784 731 1823 Lex
754 1787 892 1823 autem
922 1780 1139 1837 Evangelii
1162 1780 1263 1822 nihil
1289 1780 1367 1822 hac
1402 1780 1444 1822 in
1475 1785 1595 1837 parte
1617 1779 1816 1823 mutavit:

139 1847 437 1889 Vict-(1e122d18·imo
472 1848 604 1905 magis
635 1848 758 1889 etiam
788 1847 903 1888 favet
935 1846 1157 1895 federibus,
1186 1846 1333 1900 quibus
1364 1846 1419 1895 hi,
1443 1846 1514 1901 qui
1541 1861 1567 1888 a
1598 1846 1818 1903 Religione

137 1891 226 1915 relect.
240 1891 259 1912 1.
274 1895 300 1911 n.

140 1922 176 1944 ¹⁵·
190 1920 265 1946 et17·
358 1913 479 1955 alieni
504 1920 610 1962 sunt,
636 1913 678 1953 in
709 1927 830 1953 causa
855 1911 969 1967 justa
997 1911 1278 1960 sublevantur,
1311 1912 1408 1966 quia
1432 1911 1742 1953 beneficentiam
1774 1911 1818 1953 in

140 1951 234 1974 Franc.
250 1948 331 1972 Arius

138 1981 249 2034 {2323st
264 1985 291 2002 ¹¹·
358 1979 522 2033 quosvis
544 1978 740 2027 homines,
773 1978 872 2019 data
890 1976 1109 2025 occasione,
1135 1991 1216 2016 non
1239 1976 1411 2017 liberam
1442 1977 1562 2017 modo
1585 1976 1752 2031 reliquit
1775 1982 1818 2020 et

138 2040 314 2101 ξῆζῖξᾷἕῑ,
357 2044 614 2094 laudabilem,
644 2044 716 2084 sed
740 2048 782 2084 et
815 2042 889 2084 sub
911 2047 1118 2097 praecepto
1149 2041 1294 2097 posuit.
1367 2041 1481 2082 Nam
1514 2041 1596 2083 Dei
1616 2042 1816 2098 exemplo,

139 2101 235 2125 Molin.
249 2101 327 2124 tract.
416 2111 424 2118 .
658 2109 666 2116 .
696 2109 703 2116 .
797 2107 804 2115 .
935 2107 943 2115 .
1142 2107 1149 2114 .
1378 2106 1386 2112 .

139 2131 326 2161 11.d2'.c21.112.
357 2125 427 2165 qui
451 2111 576 2151 solem
609 2124 707 2151 oriri
730 2109 828 2149 facit
852 2108 968 2149 bonis
992 2113 1034 2148 et
1057 2107 1185 2156 mahs,
1211 2112 1253 2148 et
1276 2106 1416 2162 pluvia
1434 2113 1630 2162 utrosque
1653 2107 1818 2149 humec-

139 2163 238 2186 Mm‘h'
253 2162 327 2185 ms.
357 2182 431 2227 tat,
450 2175 643 2232 jubemur
666 2174 821 2215 nullum
845 2173 1053 2214 hominum
1078 2187 1209 2229 genus
1232 2187 1257 2214 a
1281 2172 1484 2214 beneficiis
1504 2172 1655 2215 nostris
1681 2173 1817 2214 exclu-

504 2293 519 2314 τι
539 2287 622 2326 Leqe
636 2296 705 2326 quoe
719 2289 820 2315 exstat
835 2285 935 2315 Deut.
951 2285 1017 2315 xiii.
1032 2284 1096 2323 13.]
1118 2285 1213 2314 Adde
1229 2284 1407 2323 exemplum
1424 2283 1534 2315 Josuae
1548 2293 1575 2314 c.
1590 2283 1665 2313 xxii.

435 2459 456 2489 8
507 2454 671 2489 Observe
697 2453 780 2488 that
804 2452 869 2487 the
899 2463 982 2487 case
1003 2464 1076 2487 was
1106 2464 1223 2487 worse
1250 2451 1339 2486 with
1365 2451 1430 2486 the
1452 2451 1532 2486 Ten
1554 2450 1697 2491 Tribes,
1725 2449 1819 2492 who,

357 2511 500 2556 though
521 2510 730 2544 descended
748 2510 845 2543 from
861 2510 990 2550 Jacob,
1011 2509 1085 2543 had
1107 2509 1279 2543 deserted
1298 2509 1392 2549 God,
1412 2507 1504 2542 than
1525 2507 1614 2541 with
1630 2507 1769 2542 others.

437 2571 457 2601 9
499 2567 721 2601 Sometimes
743 2566 821 2600 also
848 2566 1000 2600 treaties
1021 2577 1084 2599 are
1105 2565 1337 2600 condemned
1358 2576 1407 2599 on
1427 2567 1585 2598 account
1606 2563 1649 2598 of
1660 2563 1726 2598 the
1747 2563 1821 2598 bad

358 2624 496 2657 motivo
531 2623 630 2656 from
661 2622 781 2656 which
809 2621 898 2668 they
923 2622 1144 2667 proceeded.
1197 2621 1311 2661 Thus,
1333 2625 1354 2654 2
1388 2620 1524 2654 Chron.
1555 2620 1627 2655 xvi.
1656 2624 1690 2661 2,
1717 2619 1820 2654 Asa's

359 2681 491 2725 league
530 2679 619 2713 with
652 2678 715 2713 the
758 2679 918 2724 Syiians.
972 2679 1021 2713 So
1062 2679 1170 2713 other
1205 2678 1312 2722 kings
1348 2677 1490 2712 sinned.
1542 2676 1627 2710 And
1653 2679 1751 2710 trust
1780 2676 1820 2709 in

360 2737 484 2781 Egypt
505 2737 534 2770 is
552 2735 804 2776 condemned3
821 2735 890 2769 but
912 2734 1088 2769 Solomon
1108 2734 1218 2769 made
1238 2746 1260 2768 a
1280 2734 1411 2779 league
1430 2733 1520 2768 with
1539 2733 1674 2778 Egypt.

439 2796 483 2825 10
522 2793 718 2826 Moreovor
749 2791 814 2826 the
853 2791 1030 2827 Hebrews
1054 2791 1129 2825 had
1161 2803 1183 2826 a
1213 2792 1374 2836 promise
1409 2790 1453 2824 of
1485 2800 1628 2825 success
1663 2787 1698 2821 if
1730 2786 1820 2834 they

363 2847 506 2891 obeyod
524 2847 586 2882 the
617 2848 695 2888 law,
721 2848 794 2882 and
824 2859 864 2883 so
896 2848 961 2882 did
985 2851 1051 2882 not
1075 2848 1171 2882 need
1201 2848 1341 2882 human
1371 2846 1444 2880 aid.
1506 2843 1712 2879 Solomon's
1735 2854 1820 2888 pre-

363 2906 466 2948 cepts
488 2903 526 2936 in
546 2903 609 2937 the
630 2904 813 2939 Proverbs
844 2904 958 2940 about
982 2904 1168 2950 shunning
1192 2904 1257 2939 the
1286 2902 1495 2948 fellowship
1526 2901 1568 2936 of
1592 2900 1657 2935 the
1679 2899 1821 2935 wicked
