2018 3204
120 397 162 451 ἐξ
173 398 259 428 ΒωιςῙὶ
272 396 317 421 vii.

120 588 178 613 Lib.
193 596 217 612 v.
234 589 274 613 De

120 620 176 644 Ciu.
192 620 251 649 Dei,
262 627 284 644 c.
296 620 317 643 1.

339 140 423 180 310
931 142 999 176 DE
1031 141 1213 176 POENIS.
1634 137 1729 186 [Lm.
1749 140 1800 174 Π-

339 269 408 296 eos
432 253 529 310 uqui
559 254 779 295 humanam
811 264 975 291 carnem
1008 248 1240 305 epulantur,
1268 252 1319 290 Xa
1348 263 1428 304 quo
1458 263 1572 291 more
1601 248 1802 291 absistere

340 320 479 363 Gallos
503 326 662 362 veteres
687 316 887 358 Hercules
910 315 1056 371 coegit,
1086 320 1283 357 narrante
1307 315 1539 364 ⁸Diodor03
1572 314 1614 356 in
1639 329 1708 356 eos
1730 313 1802 369 qui

338 386 551 442 piraticam
575 388 781 424 exercent.
843 381 1019 422 Seneca:
1057 383 1098 423 ,si
1126 396 1210 422 uon
1232 383 1437 436 patriam
1466 395 1604 422 meum
1634 382 1801 435 impuq-

337 460 427 499 ozac,
460 452 533 492 sed
555 464 643 491 suce
664 449 816 503 qravis
840 455 912 494 est,
947 455 986 488 cc
1008 449 1215 502 sepositus
1239 462 1268 488 a
1300 462 1390 488 mea
1414 454 1534 501 yeme
1555 460 1681 488 suam
1705 460 1802 487 ecca-

334 519 461 571 9itat‚
507 516 697 556 abscidit
741 514 1021 555 nihilominus
1067 514 1193 554 illum
1236 521 1363 554 tauta
1400 513 1609 567 pravitas
1649 512 1801 552 animi.

338 580 618 638 Augustinus:
654 581 890 635 opinantur
923 579 1084 619 scelera
1106 580 1325 632 facienda
1356 579 1538 627 decerni,
1576 578 1730 632 qualia
1764 577 1804 618 si

337 648 492 703 aliqua
529 655 698 688 terrena
726 646 884 687 civicas
915 645 1165 693 decerneret,
1198 646 1511 693 decrevissem&
1545 657 1694 698 ywere
1727 643 1804 683 hu-

337 728 464 755 mano
488 715 730 754 decernente
740 712 900 765 fuerat
924 711 1160 751 evertenda.
1210 710 1276 751 De
1299 709 1452 751 talibus
1474 708 1582 750 enim
1600 707 1802 756 barbaris,

337 784 379 820 et
415 778 514 820 feris
555 776 686 832 magis
721 790 843 831 quam
884 775 1127 823 hominibus,
1165 774 1244 816 dici
1282 780 1395 816 recte
1432 778 1568 829 potest
1607 773 1717 828 quod
1752 772 1805 814 de

336 844 485 893 Persis,
511 843 581 898 qui
611 842 768 884 Graecis
790 840 917 883 nihilo
936 839 1161 881 deteriores
1186 845 1317 889 erant,
1341 853 1535 895 perverse
1559 838 1664 880 dixit
1691 837 1805 879 Aris-

336 909 495 959 toteles,
528 908 716 950 naturale
750 907 791 948 in
816 921 885 949 eos
920 920 1008 948 esse
1032 905 1209 955 bellum;
1244 911 1286 947 et
1308 905 1419 961 quod
1442 905 1645 946 Isocrates
1671 904 1806 944 Pana-

336 974 524 1016 thenaico
557 973 672 1022 dixit,
697 972 967 1028 justissimum
999 985 1087 1013 esse
1117 971 1269 1013 bellum
1299 971 1342 1012 in
1373 969 1541 1019 belluas,
1572 968 1806 1026 proximum

334 1041 380 1081 in
402 1040 588 1082 homines
610 1038 780 1081 ⁹belluis
804 1038 967 1080 similes.

336 1163 446 1192 vmm,
462 1163 507 1184 1v.
536 1154 632 1184 Trist.
654 1154 746 1192 Eleg.
764 1163 808 1182 1v.
829 1162 908 1181 vers.
924 1153 972 1189 63,
987 1152 1035 1182 64.

337 1205 546 1241 LACTANTIO,
573 1205 652 1234 Inst.
671 1204 747 1232 Div.
771 1204 839 1232 Lib.
859 1212 881 1233 1.
904 1213 973 1241 cap.
988 1204 1036 1232 21.

336 1255 372 1284 J.
386 1254 428 1283 B.

397 1308 411 1323 ¹¹
436 1302 499 1341 Qui
523 1302 690 1331 humanam
711 1311 835 1331 carnem
855 1301 1036 1340 epulantur]

337 1353 408 1382 Hoc
430 1361 557 1390 quoque
580 1352 710 1389 Scythas
734 1351 918 1380 Alexander
940 1351 1036 1379 dedo-

337 1403 412 1433 cuit.
456 1402 543 1440 [Vid.
558 1401 721 1430 Plutarch.
736 1400 832 1439 ibid.]

395 1456 412 1473 Χ
434 1451 464 1480 Α
482 1461 541 1489 quo
556 1460 639 1479 more
661 1450 809 1479 absistere
827 1449 940 1480 Gallos
961 1453 1038 1479 vete-

337 1511 388 1532 res
415 1501 567 1530 Hercules
599 1499 711 1539 coeqz't]
741 1500 823 1529 Vide
850 1500 1037 1538 Dionysium

337 1552 648 1581 Halicarnassensem
674 1552 856 1578 narrantem
886 1552 922 1578 ut
954 1549 1038 1577 Her-

337 1601 423 1630 cules
437 1601 520 1629 hunc
536 1609 653 1628 morem
670 1599 794 1636 aliaque
812 1599 913 1627 multa
927 1599 1038 1628 abstu-

336 1651 420 1686 lerit,
442 1650 474 1678 in
489 1649 649 1678 beneficiis
662 1648 725 1677 suis
743 1648 872 1676 Graecos
886 1657 905 1676 a
923 1649 1036 1676 barba-

337 1700 380 1728 ris
404 1709 467 1728 non
488 1699 695 1737 distinguens,
736 1698 953 1727 Romanorum
975 1707 1038 1726 non

338 1750 460 1777 minora
473 1749 505 1777 in
521 1757 622 1786 genus
636 1749 808 1776 humanum
826 1748 938 1776 merita
957 1757 1037 1785 prze-

339 1798 424 1827 dicat
442 1798 563 1826 Plinius
578 1806 667 1825 xxx.
685 1799 713 1825 1.
754 1797 829 1825 Non
852 1798 932 1826 satis
954 1798 1038 1826 cesti-

338 1847 421 1876 mari
435 1850 537 1884 potest
549 1850 697 1884 quantum
711 1846 864 1874 Romanis
883 1847 1040 1883 debeatur,

339 1897 394 1935 qui
408 1896 557 1925 sustulere
565 1898 711 1930 monstra,
724 1895 876 1932 inquibus
890 1895 1040 1924 hominem

340 1946 479 1975 occidere
516 1944 782 1983 reliqz‘osissz'mum
820 1947 898 1979 erat,
932 1944 1040 1972 mandi

340 2005 411 2025 vero
421 1995 515 2025 etiam
523 1994 769 2024 saluberrimum.
795 1993 919 2031 Conjun
923 2002 963 2032 ge
970 2002 1040 2031 quae

1104 1152 1164 1181 hoc
1178 1152 1247 1190 ipso
1262 1152 1365 1189 capite
1381 1151 1525 1180 dicentur
1541 1150 1559 1189 ξ
1575 1150 1624 1180 47.
1666 1149 1716 1179 Sic
1731 1149 1806 1178 Jus-

1105 1201 1244 1230 tinianus
1265 1200 1460 1238 principibus
1482 1200 1684 1237 Abasgorum
1707 1198 1807 1227 edixit

1106 1261 1146 1280 ne
1161 1252 1357 1280 subditorum
1370 1259 1484 1288 pueros
1499 1252 1682 1278 castrarent.
1726 1248 1806 1276 Pro-

1107 1302 1215 1338 copius
1243 1301 1386 1329 meminit
1418 1299 1635 1328 Goithz'corum
1656 1307 1701 1328 iv.
1737 1298 1806 1335 (seu

1107 1350 1191 1379 Hist.
1223 1349 1317 1378 illiso.
1346 1359 1414 1387 cap.
1430 1350 1461 1386 3)
1484 1352 1516 1378 et
1540 1349 1679 1377 Zonaras
1703 1347 1806 1377 Leone

1106 1400 1232 1430 Isaura
1273 1400 1317 1428 Et
1339 1399 1457 1434 Ine-hee,
1480 1399 1512 1426 in
1535 1398 1681 1426 Peruana
1700 1406 1805 1435 reges,

1109 1449 1163 1487 [de
1190 1448 1305 1486 quibus
1331 1448 1484 1476 videndus
1516 1447 1684 1476 Garcilass.
1714 1447 1752 1475 de
1775 1447 1807 1475 la

1107 1497 1214 1536 Vega]
1232 1497 1350 1526 vicinos
1367 1497 1512 1535 populos,
1534 1497 1589 1534 qui
1610 1496 1723 1525 moniti
1742 1504 1807 1524 non

1107 1550 1267 1586 parerent,
1289 1547 1319 1575 vi
1334 1556 1466 1584 coegere
1480 1546 1631 1575 absistere
1651 1546 1690 1574 ab
1705 1546 1806 1574 inces-

1107 1598 1158 1633 tis,
1172 1607 1191 1625 a
1205 1597 1339 1625 marium
1354 1606 1423 1625 cuni
1439 1596 1578 1625 maribus
1592 1595 1774 1629 concubitu,
1790 1604 1809 1623 a

1108 1645 1300 1675 comestione
1314 1645 1488 1682 hominum,
1511 1646 1643 1683 aliisque
1659 1645 1691 1673 id
1706 1653 1808 1682 genus

1107 1698 1310 1732 facinoribus,
1338 1700 1434 1734 atque
1455 1706 1492 1725 eo
1519 1697 1613 1725 modo
1641 1695 1806 1734 imperium

1108 1748 1167 1776 sibi
1182 1750 1334 1785 pararunt
1345 1747 1484 1775 omnium
1497 1755 1566 1784 quae
1580 1755 1712 1784 usquam
1727 1744 1809 1783 legi-

1108 1806 1188 1832 mus,
1220 1799 1370 1833 excerpta
1396 1795 1560 1834 religione,
1585 1795 1808 1833 justissimum.

1111 1846 1314 1883 [Dmxrsms
1339 1845 1670 1874 HALICARNASSENSIS
1700 1846 1810 1873 narrat

1109 1896 1265 1933 equidem,
1287 1895 1456 1923 Herculem
1471 1894 1629 1923 veteribus
1643 1894 1745 1922 Italiae
1759 1894 1809 1922 in-

1110 1944 1187 1972 colis
1212 1944 1414 1981 persuasisse,
1441 1946 1487 1978 ut,
1515 1943 1585 1971 loco
1610 1943 1807 1971 victimarum

1108 1993 1326 2028 humanarum,
1348 1992 1465 2029 effigies
1480 1992 1630 2029 quasdam
1645 1991 1808 2020 hominum

343 2160 458 2195 cured
474 2160 578 2195 them
593 2159 636 2194 of
648 2159 721 2194 this
737 2159 948 2206 barbarity3
970 2160 1113 2205 against
1129 2159 1236 2194 those
1248 2159 1330 2193 who
1346 2159 1413 2193 kill
1430 2162 1615 2204 strangers
1629 2170 1638 2199 3
1664 2157 1809 2202 against

343 2218 450 2252 those
474 2217 556 2251 who
576 2216 662 2251 seed
686 2227 736 2250 on
759 2216 900 2250 human
924 2217 1027 2258 flesh,
1050 2216 1170 2250 which
1193 2227 1306 2261 usage
1322 2215 1502 2250 Hercules
1520 2214 1727 2260 compelled
1743 2213 1808 2248 the

346 2275 461 2309 Gauls
477 2278 516 2308 to
534 2273 615 2318 give
636 2284 698 2319 up,
715 2284 753 2307 as
773 2273 960 2308 Diodorus
978 2277 1166 2307 nari-ates:
1194 2273 1268 2307 and
1295 2272 1439 2317 against
1462 2271 1568 2306 those
1595 2271 1676 2304 who
1703 2281 1810 2316 prae-

344 2331 415 2365 tise
447 2331 586 2376 piracy.
649 2331 791 2364 Seneca
811 2341 906 2375 says,
936 2330 1018 2364 that
1047 2331 1175 2375 thouyh
1203 2331 1241 2364 he
1267 2330 1345 2363 does
1375 2335 1436 2363 azot
1463 2329 1507 2363 do
1539 2340 1612 2373 any
1644 2328 1749 2361 harm
1776 2333 1810 2362 το

345 2399 406 2432 ‘my
430 2394 589 2432 country,
608 2393 665 2432 yet
684 2388 767 2420 such
792 2387 977 2432 depravity
1003 2393 1076 2421 cuts
1097 2388 1169 2420 him
1191 2387 1244 2431 off
1258 2385 1372 2429 [from
1390 2387 1443 2419 the
1463 2386 1506 2419 tie
1523 2386 1570 2429 of
1584 2382 1807 2429 humanity]:

346 2444 553 2488 Augustino
576 2454 657 2488 says
681 2443 764 2477 that
787 2444 878 2477 there
900 2455 962 2477 are
989 2444 1103 2488 thiuys
1126 2443 1237 2477 which
1265 2443 1307 2487 if
1325 2454 1398 2487 any
1420 2448 1506 2476 state
1527 2453 1572 2475 on
1598 2442 1698 2476 earth
1725 2441 1811 2475 have

348 2501 496 2541 decreed,
516 2512 558 2534 or
577 2500 703 2534 should
721 2501 845 2541 decree,
866 2501 942 2534 that
962 2506 1049 2534 state
1068 2500 1188 2534 would
1206 2499 1343 2544 require
1368 2505 1401 2533 to
1423 2500 1459 2533 be
1476 2499 1697 2532 overthroum
1722 2498 1765 2542 by
1787 2508 1812 2530 α

347 2558 461 2591 decrce
481 2558 530 2602 of
541 2558 594 2591 the
614 2557 749 2590 human
769 2568 858 2591 racc.
925 2556 978 2591 Of
995 2557 1086 2591 such
1106 2556 1332 2597 barbarians,
1346 2555 1419 2589 and
1435 2555 1517 2588 wild
1533 2555 1667 2595 beasts,
1683 2553 1812 2588 rather

347 2613 440 2648 than
465 2625 562 2652 men,
591 2624 645 2647 we
672 2624 757 2659 may
785 2624 850 2659 say
877 2613 976 2648 what
1003 2613 1182 2647 Aristides
1209 2612 1419 2658 previously
1448 2611 1528 2646 said
1555 2611 1599 2645 of
1627 2611 1691 2645 the
1719 2611 1811 2644 Per-

348 2670 457 2711 sians,
485 2669 583 2713 (who
604 2680 700 2704 were
729 2670 845 2715 really
874 2681 923 2704 no
941 2681 1055 2704 worse
1082 2669 1173 2704 than
1198 2669 1262 2704 the
1284 2666 1454 2710 Greeks,)
1480 2668 1561 2702 that
1578 2679 1652 2701 war
1667 2667 1812 2711 against

348 2726 453 2759 them
484 2727 514 2760 is
548 2726 715 2767 naturast
740 2727 814 2760 and
842 2726 940 2761 what
975 2727 1157 2761 Isocrates
1194 2726 1283 2766 said,
1311 2725 1393 2759 that
1422 2736 1495 2758 war
1523 2725 1667 2770 against
1699 2723 1810 2757 brute

347 2782 469 2816 beasts
487 2794 557 2817 was
574 2787 671 2816 most
689 2784 779 2828 just,
804 2783 878 2816 and
899 2787 988 2818 next
1012 2787 1051 2817 to
1073 2783 1164 2824 that,
1186 2794 1260 2817 war
1284 2782 1427 2827 against
1451 2793 1537 2816 men
1554 2781 1635 2815 who
1652 2790 1715 2814 are
1735 2778 1810 2812 like

347 2837 484 2871 brutos.

420 2897 442 2926 4
480 2893 563 2928 And
584 2905 624 2929 so
651 2895 710 2929 far
726 2906 779 2930 we
803 2896 928 2931 follow
946 2896 1009 2930 the
1028 2896 1180 2942 opinion
1200 2896 1242 2930 of
1263 2895 1514 2934 Innocentius,
1537 2892 1612 2927 and
1629 2891 1672 2927 of
1684 2890 1810 2926 others
