2018 3204
305 180 328 219 9
339 179 359 218 l*
685 227 688 229 ¹
793 185 859 218 DE
891 181 1274 219 JUREJURANDO.
1601 179 1699 224 [Lm.
1713 181 1765 216 ΙΙ.

305 292 369 334 cui
403 292 591 336 convenit
620 293 690 334 illa
728 291 902 348 Syriaca
939 291 981 332 in
1015 291 1146 333 veteri
1183 290 1369 332 versione
1402 290 1596 332 Matthaei
1625 305 1692 331 xv.
1728 291 1769 334 5.

306 367 377 404 un
406 366 601 404 sirmii-r
629 366 720 404 om
749 365 899 414 *na-ip:
928 372 1063 414 graeee
1085 351 1231 418 δῶρον,
1256 351 1280 400 ὃ
1306 353 1380 400 ἐὰν
1403 353 1453 413 ἐξ
1476 354 1574 407 ἐμοῦ
1597 353 1770 416 ὠφελη-

305 426 394 476 Θῆς,
419 425 461 466 id
481 431 554 476 est,
574 426 731 465 donum
749 425 842 466 Deo
860 425 1058 465 dicatum
1075 425 1146 475 sic,
1170 423 1229 477 (id
1246 422 1352 464 enim
1374 428 1436 465 est
1459 429 1562 480 ῙΞἾρ
1586 421 1769 481 κορβᾶν)

304 493 344 533 si
365 491 475 544 quid
495 504 685 545 unquam
710 504 740 530 a
763 504 828 531 mc
851 491 948 531 bom·
969 491 1194 544 acceperis.

406 557 432 597 2
478 556 646 604 Votum,
671 554 813 597 addita
835 554 1149 597 consecrationis
1172 569 1308 611 poena,
1328 554 1507 597 validum
1533 553 1653 611 plane
1677 569 1770 597 cen-

303 621 450 663 sebant
473 621 749 663 Hebraeorum
781 620 981 678 magistri,
1007 620 1171 677 pessimi
1203 622 1281 663 hac
1303 620 1347 663 in
1373 627 1494 677 parte
1511 620 1618 676 juris
1641 621 1769 663 divini

303 687 565 743 interpretes,
588 686 746 729 etiamsi
766 686 964 729 adversus
985 693 1178 743 parentes
1199 687 1351 729 factum
1370 692 1495 729 esset:
1529 687 1638 742 quod
1659 686 1768 729 dicto

301 753 390 795 loco
414 752 567 795 refellit
591 752 793 803 Christus,
819 752 861 794 in
884 752 998 809 cujus
1021 752 1159 795 verbis
1180 755 1309 809 τιμᾷν
1330 754 1536 794 honorare
1560 758 1623 795 est
1645 753 1769 795 bene-

303 819 452 869 facere,
477 825 524 861 ut
544 818 691 861 collato
709 818 842 860 Marci
865 818 953 860 loco
977 824 1176 875 apparet;
1199 825 1241 861 et
1260 819 1382 861 Pauli
1404 820 1429 861 1
1450 818 1553 860 Tim.
1574 833 1611 860 v.
1633 820 1673 868 3,
1698 818 1767 868 17,

87 897 186 920 Thom-
200 897 223 925 2
237 897 259 920 2
304 891 346 927 et
369 885 493 927 Num.
519 885 629 927 xxiv.
656 886 725 927 11.
791 885 874 927 Sed
903 884 1062 927 etiamsi
1093 885 1292 927 adversus
1315 885 1415 926 alios
1439 890 1677 940 conceptum
1701 884 1767 934 sit,

141 929 189 950 ar.t

88 929 129 1012 ἐξ
130 934 250 1012 ῗξξῑξῐξρ
224 989 263 1012 M
303 957 415 993 recte
438 951 618 993 dicemus
639 966 721 993 non
741 950 926 1008 obligare
941 950 1242 1008 jusjurandum,
1268 950 1376 1007 quia,
1395 956 1442 993 ut
1462 949 1650 1000 diximus,
1675 965 1769 1007 pro-

118 1020 167 1072 ‘fg‘-
181 1025 202 1043 ⁶·
216 1019 254 1042 2²·
304 1017 428 1059 fectui
448 1018 666 1060 adversum
692 1022 764 1059 est.

103 1079 215 1134 οξο3ᾝ·
211 1080 287 1135 r&
401 1084 522 1126 VIII.
589 1084 656 1125 De
678 1083 994 1139 impossibilibus
1012 1082 1147 1126 dicere
1171 1082 1273 1125 nihil
1295 1082 1458 1125 attinet.
1529 1081 1639 1125 Satis
1661 1082 1768 1125 enim

304 1149 564 1192 manifestum
588 1155 650 1191 est
673 1149 727 1191 ad
752 1149 914 1191 omnino
937 1149 1182 1206 impossibile
1201 1149 1404 1191 neminem
1426 1148 1613 1207 obligari.

398 1216 473 1256 IX.
543 1216 610 1256 De
635 1230 683 1257 eo
712 1229 811 1257 vero
843 1215 953 1271 quod
982 1230 1057 1271 pro
1090 1220 1275 1271 tempore
1303 1220 1377 1257 aut
1408 1230 1460 1257 ex
1491 1215 1768 1271 suppositione

303 1287 366 1324 est
389 1280 649 1337 impossibile,
675 1281 716 1322 in
739 1281 934 1337 pendenti
958 1296 1046 1324 esse
1076 1281 1378 1338 obligationem,
1404 1281 1462 1323 ita
1489 1286 1534 1323 ut
1558 1280 1592 1322 is
1616 1281 1686 1337 qui
1715 1296 1767 1323 ex

303 1346 581 1403 suppositione
599 1347 767 1402 juravit,
793 1361 960 1403 operam
984 1361 1106 1403 quam
1125 1352 1261 1403 potest
1284 1347 1384 1389 dare
1406 1347 1568 1396 debeat,
1591 1353 1638 1390 ut
1657 1347 1768 1404 quod

295 1412 460 1469 juravit
483 1413 675 1468 possibile
695 1413 854 1455 reddat.

402 1479 456 1520 X.
514 1480 667 1520 Forma
681 1478 953 1534 jurisjurandi
976 1478 1112 1521 verbis
1137 1478 1287 1529 differt,
1312 1493 1359 1521 re
1383 1478 1583 1521 convenit.
1642 1480 1766 1521 Hunc

302 1544 411 1587 enim
433 1560 595 1587 sensum
615 1545 768 1587 habere
789 1545 925 1595 debet,
950 1550 996 1587 ut
1014 1546 1128 1587 Deus
1145 1544 1371 1594 invocetur,
1397 1550 1498 1600 puta
1519 1546 1597 1587 hoc
1618 1545 1765 1589 modo:

304 1613 424 1654 Deus
457 1613 575 1654 testis
597 1613 667 1660 sit,
700 1617 784 1661 aut,
807 1612 930 1654 Deus
952 1613 1010 1654 sit
1039 1613 1207 1660 vindex,
1243 1626 1335 1667 quae
1357 1611 1438 1653 duo
1461 1611 1503 1652 in
1534 1611 1643 1654 idem
1665 1611 1766 1654 reei-

302 1678 417 1719 dunt.
489 1678 597 1719 Nam
628 1692 719 1718 cum
744 1677 931 1733 superior
963 1677 1158 1734 puniendi
1183 1677 1252 1734 jus
1284 1678 1440 1719 habens
1476 1677 1615 1719 ztestis
1637 1678 1767 1719 advo-

302 1748 432 1793 catur,
463 1742 583 1785 simul
614 1744 666 1785 ab
698 1758 746 1785 eo
776 1743 961 1800 perfidiae
989 1743 1091 1786 ultio
1115 1743 1322 1800 poscitur:
1357 1749 1399 1786 et
1423 1743 1492 1799 qui
1522 1743 1598 1786 scit
1632 1743 1767 1786 omnia

90 1019 103 1049 ἕ

86 1057 121 1103 (ἑο

85 1117 115 1134 ar

358 1864 371 1878 z
396 1858 496 1887 Testis
518 1858 701 1895 advocatur,
715 1859 809 1887 simul
825 1859 864 1888 ab
879 1869 913 1888 eo
922 1869 1000 1897 per·
1068 1863 1181 1889 testare
1185 1861 1269 1898 fidei
1283 1863 1343 1889 tuoe
1357 1860 1533 1898 proesulem,
1551 1859 1690 1889 divinam
1703 1869 1766 1898 po-

290 1907 386 1946 fidia>
408 1908 485 1937 ultio
513 1907 706 1946 ‹ez-poscitur]
744 1909 932 1937 Ambrosius
959 1909 999 1937 ad
1068 1911 1193 1939 tentiam
1205 1911 1345 1948 confiteri
1358 1910 1373 1939 ,⁹
1394 1910 1463 1939 vide
1478 1910 1647 1939 formulam
1666 1911 1766 1948 insig-

300 1958 558 1987 Valentinianum
589 1959 831 1996 Imperatorem,
856 1959 938 1996 (Lib.
966 1967 997 1988 v.
1067 1968 1139 1988 nem
1161 1960 1305 1997 Chagani
1327 1960 1503 1988 Avarorum
1525 1960 1610 1997 apud
1631 1960 1766 1989 Menan-

301 2007 404 2046 Epist.
420 2007 471 2046 30)
486 2008 564 2046 quid
573 2007 747 2044 estJ'urare,
757 2008 820 2037 nisi
833 2008 897 2045 ejus
912 2018 999 2047 quem
1067 2009 1158 2038 drum
1174 2009 1330 2047 excerptis
1343 2009 1550 2047 legationum.
1572 2009 1665 2048 (Cap.
1680 2010 1742 2048 21).

375 2155 396 2185 2
426 2150 460 2185 Α
477 2162 556 2185 vow
574 2150 617 2185 of
637 2150 817 2196 anything
838 2155 877 2186 to
906 2151 989 2186 God
1010 2151 1092 2186 that
1113 2152 1271 2187 another
1293 2151 1412 2198 might
1436 2154 1503 2186 not
1522 2150 1617 2186 have
1633 2151 1674 2193 it,
1691 2162 1764 2186 was

298 2208 388 2243 held
407 2208 506 2242 valid
523 2208 572 2254 by
588 2208 652 2242 the
669 2208 829 2242 Hebrew
849 2212 1015 2250 masters,
1032 2220 1125 2244 even
1141 2210 1285 2254 against
1301 2212 1452 2255 parents
1464 2221 1474 2250 ;
1500 2207 1619 2242 which
1641 2208 1764 2243 Christ

299 2266 513 2300 condemns.
564 2266 668 2300 Even
696 2265 730 2299 if
760 2265 825 2300 the
860 2276 939 2300 vow
964 2266 1011 2300 be
1040 2267 1184 2311 against
1217 2266 1342 2301 others
1374 2266 1404 2300 it
1436 2266 1467 2300 is
1498 2269 1565 2299 not
1595 2265 1763 2310 binding,

298 2322 456 2357 because
476 2323 506 2356 it
526 2322 555 2356 is
577 2322 739 2368 opposed
761 2325 800 2357 to
821 2333 890 2356 our
909 2323 1026 2357 moral
1044 2334 1226 2368 progress.

366 2379 471 2413 VIII.
535 2378 652 2413 Oaths
678 2379 902 2424 eonecrning
926 2379 1049 2424 things
1067 2379 1280 2424 impossible
1296 2389 1350 2414 we
1370 2379 1465 2414 need
1483 2381 1550 2413 not
1570 2378 1684 2424 speak
1701 2378 1761 2413 of:

298 2435 359 2470 for
378 2447 428 2470 no
446 2446 517 2470 one
534 2446 602 2470 can
619 2436 665 2470 be
683 2436 889 2481 compelled
907 2440 945 2470 to
963 2436 1011 2470 do
1028 2436 1126 2470 what
1142 2436 1172 2470 is
1190 2436 1414 2481 impossible.

368 2493 437 2527 IX.
481 2492 531 2526 As
557 2495 597 2526 to
625 2492 722 2526 what
748 2493 778 2526 is
797 2492 858 2526 for
880 2492 945 2526 the
967 2493 1057 2526 time
1081 2503 1122 2526 01·
1143 2492 1192 2537 by
1209 2493 1442 2538 supposition
1458 2492 1682 2538 impossible,
1698 2491 1764 2527 the

300 2549 503 2594 obligation
524 2549 553 2583 is
574 2549 805 2594 suspendedg
829 2560 868 2583 so
886 2549 968 2583 that
987 2549 1035 2583 he
1052 2548 1133 2583 who
1150 2549 1216 2583 has
1234 2560 1354 2583 sworn
1371 2560 1420 2583 on
1440 2548 1505 2583 the
1521 2550 1764 2595 supposition,

300 2606 416 2651 ought
436 2610 475 2640 to
497 2606 545 2639 do
572 2606 623 2639 all
647 2605 729 2640 that
747 2605 796 2640 he
818 2616 898 2645 can,
917 2605 998 2640 that
1014 2605 1062 2640 he
1079 2617 1165 2652 may
1182 2606 1317 2641 render
1336 2605 1498 2652 possible
1514 2605 1613 2641 what
1629 2605 1677 2641 he
1697 2605 1764 2640 has

298 2673 429 2698 sworn.

371 2719 421 2754 X.
484 2718 564 2753 The
589 2719 719 2753 Forms
752 2719 796 2754 of
824 2719 940 2754 Oaths
971 2719 1079 2754 differ
1109 2719 1148 2753 in
1177 2719 1308 2761 words,
1341 2730 1451 2765 agree
1481 2719 1520 2753 in
1552 2720 1759 2755 substance.

304 2774 409 2819 They
430 2775 546 2820 ought
562 2779 602 2810 to
619 2775 713 2810 have
735 2776 808 2811 this
826 2777 1011 2821 meaning,
1028 2776 1110 2810 that
1129 2776 1212 2810 God
1230 2777 1259 2810 is
1278 2776 1397 2810 called
1415 2786 1526 2822 upon,
1543 2786 1702 2822 suppose
1722 2775 1761 2809 in

302 2830 375 2864 this
397 2842 494 2876 way:
526 2832 619 2877 May
643 2833 726 2866 God
742 2834 778 2867 be
798 2845 858 2878 my
874 2834 1030 2872 witazess;
1057 2844 1109 2874 or,
1128 2833 1219 2878 May
1243 2833 1326 2867 God
1345 2834 1381 2868 be
1401 2844 1461 2877 my
1477 2833 1612 2877 Judye;
1642 2831 1762 2866 which

301 2890 373 2920 two
391 2886 506 2921 forms
524 2898 628 2921 come
649 2893 688 2922 to
710 2888 774 2923 the
792 2900 892 2924 same
909 2889 1024 2935 thing.
1086 2890 1163 2924 For
1182 2889 1288 2924 when
1305 2901 1327 2923 a
1343 2888 1521 2934 superior,
1541 2888 1678 2933 having
1696 2887 1762 2922 the

300 2942 400 2988 right
417 2942 459 2976 of
470 2943 680 2988 punishing,
698 2944 727 2979 is
744 2945 863 2979 called
880 2946 918 2979 in
937 2957 976 2981 as
1003 2957 1026 2980 a
1046 2946 1203 2987 witness,
1228 2946 1277 2980 he
1303 2946 1333 2980 is
1358 2945 1435 2979 also
1464 2944 1583 2979 called
1604 2955 1705 2990 upon
1721 2948 1762 2979 to
