2018 3204
104 167 196 203 ΟΛΡ.
214 165 377 211 XXIV]
427 167 600 203 JUSTIS
631 167 810 202 CAUSIS
841 165 1180 202 SUSCIPIENDO
1210 166 1387 201 BELLO.
1479 162 1561 203 429

103 275 290 317 morbum
329 274 507 317 faceret:
542 274 776 331 intelligens
816 275 1060 331 populorum
1101 274 1362 324 occidionem,
1405 274 1563 316 desola-

104 341 256 382 tionem
293 340 468 389 urbium‚
510 340 752 396 pestilentiae
787 355 875 382 esse
918 355 1069 396 opera:
1113 341 1212 382 nihil
1251 346 1389 382 autem
1431 339 1564 396 magis

105 421 194 448 esse
230 405 390 463 regium
427 420 550 462 quam
584 406 793 448 consulere
828 406 1004 448 omnium
1039 406 1173 456 saluti,
1205 421 1298 462 quae
1332 421 1432 463 pace
1470 420 1564 448 con-

104 471 269 514 tinetur.

207 539 234 579 3
284 536 328 578 Si
357 537 452 592 jure
483 537 669 579 Hebraeo
694 542 736 578 et
763 535 833 592 qui
856 551 936 577 non
961 537 1102 579 volens
1123 537 1329 579 hominem
1352 537 1564 580 occidisset
1581 547 1761 602 ssffl'ssi'i'fv‘

104 602 250 660 fugere
290 602 492 644 debebat:
527 602 561 643 si
604 603 718 643 Deus
754 617 779 643 a
821 601 994 651 Davide,
1031 603 1101 658 qui
1137 603 1205 659 pia
1244 603 1353 645 bella
1390 603 1563 661 gessisse
1581 617 1709 672 {3153sz

105 668 267 718 dicitur,
305 667 397 709 ideo
434 667 631 723 templum
671 682 788 709 suum
827 667 1019 709 aedificari
1056 669 1187 711 vetuit
1222 669 1359 724 yquod
1392 669 1564 711 multum
1671 664 1677 670 ’
1710 663 1716 670 ’

105 733 343 791 sanguinem
378 732 574 775 fudisset:
607 733 641 774 si
672 733 782 789 apud
819 733 985 775 Graecos
1008 740 1170 776 veteres
1201 734 1436 790 expiatione
1463 750 1565 791 opus

105 798 315 842 habebant
354 799 478 840 etiam
521 798 592 854 qui
630 798 716 840 sine
760 798 880 854 culpa
918 814 1082 840 manum
1119 800 1232 842 caede
1270 801 1564 843 maculassent:

105 865 196 920 quis
216 880 298 907 non
320 864 470 913 videat,
495 864 723 920 praesertim
750 863 1020 915 Christianus,
1045 880 1168 920 quam
1193 881 1260 907 res
1282 866 1335 908 sit
1358 866 1500 908 infelix
1524 872 1566 909 et

106 931 203 971 mali
225 930 381 979 ominis,
415 936 651 985 quantoque
677 930 769 972 nisu
799 929 1038 987 fugiendum
1071 932 1221 973 bellum
1253 931 1377 973 etiam
1402 932 1566 974 nonin-

100 995 294 1052 justum?
358 996 481 1038 Certe
515 996 626 1052 apud
662 997 828 1038 Graecos
864 996 1219 1038 Christianismum
1254 997 1460 1052 professos
1497 997 1567 1039 diu

106 1061 348 1103 observatus
382 1068 444 1103 est
479 1075 619 1110 canon,
656 1076 737 1117 quo
769 1060 894 1103 sacris
926 1062 1003 1103 ²ad
1038 1067 1199 1119 tempus
1227 1064 1475 1105 arcebantur
1497 1063 1722 1120 quinasu.aa

105 1127 264 1169 hostem
287 1127 330 1168 in
353 1127 636 1183 qualicumque
660 1127 764 1169 bello
788 1126 1097 1170 interfecissent.
1584 1111 1708 1173 22¹3?ss
1723 1140 1760 1164 13.

105 1245 195 1273 δοκεῖ
209 1243 261 1273 aia*
274 1244 335 1278 τήν
355 1243 516 1273 ‹ivm-roim
533 1244 586 1273 καὶ
601 1243 708 1279 κοινήν
722 1255 803 1282 συγ·
870 1253 1054 1273 communem
1081 1254 1102 1274 α
1133 1254 1252 1274 summa
1277 1255 1375 1275 causa
1405 1246 1570 1275 venientem

107 1293 247 1332 γένειαν·
282 1294 317 1323 οὗ
347 1294 447 1333 χάριν
478 1293 664 1331 καθαρσίων
693 1294 804 1329 ἐδέησε
871 1294 1090 1332 coqnationem.
1129 1295 1330 1333 Quapropter
1343 1296 1570 1334 etpurqatz'one

105 1347 178 1373 τοῖς
212 1343 364 1373 κτείνασι
392 1343 476 1381 πρὸς
500 1343 709 1381 ἀπαλλαγήν
743 1344 803 1372 τοῦ
870 1343 1007 1381 quadam
1030 1353 1108 1380 opus
1133 1344 1287 1373 habebant
1315 1345 1393 1373 tales
1423 1345 1568 1382 interfec-

107 1392 315 1430 νομισθέντος
336 1393 435 1430 ἄγους
458 1392 674 1431 γεγενῆσθαι·
695 1402 804 1430 quam-
869 1396 960 1429 tores,
975 1393 1185 1422 acleluendum
1194 1393 1474 1431 quodcommissum
1483 1394 1569 1423 vide-

105 1443 154 1471 vis
177 1442 255 1471 enim
276 1443 393 1481 leqibus
410 1443 566 1480 permissa·
588 1443 649 1471 sint
673 1443 804 1471 hostium
869 1442 961 1471 batur
971 1442 1142 1479 piaculum.
1185 1443 1275 1479 (Pag.
1291 1444 1349 1472 650
1364 1443 1408 1480 Ε.)

107 1492 289 1528 occidiones,
319 1495 454 1520 attamen
481 1491 622 1529 quisquis
655 1492 804 1520 hominem
927 1498 940 1512 2
959 1492 1012 1520 Ad
1027 1490 1158 1529 tempus]
1181 1492 1341 1522 Triennio,
1357 1493 1496 1522 Zonaras
1510 1493 1569 1522 Ni-

106 1541 304 1578 interfkcerit,
325 1541 466 1578 quamvis
479 1540 576 1576 juste,
597 1541 738 1578 quamvis
761 1540 806 1569 ad
869 1542 1006 1579 cephoro
1028 1542 1144 1571 Phoca.
1189 1542 1277 1580 (Lib.
1302 1551 1375 1572 ΧΠ.
1404 1552 1473 1582 cap.
1496 1553 1568 1574 xxv.

106 1592 156 1620 sui
183 1591 318 1627 tutelam,
347 1591 488 1629 quamvis
515 1593 649 1626 coactus,
679 1590 805 1628 aliquid
869 1600 942 1629 pag.
958 1592 1025 1622 203.
1049 1591 1194 1621 Tom.11.
1235 1591 1300 1621 Ed.
1315 1591 1413 1631 Req.)

107 1641 189 1670 labis
203 1641 395 1670 contraxisse
409 1640 558 1676 creditur,
571 1643 701 1677 propter
715 1640 805 1669 illam

107 1804 307 1851 slaughter,
335 1816 427 1840 even
454 1806 609 1841 without
636 1807 743 1849 fault,
768 1807 841 1842 had
870 1808 966 1843 need
992 1808 1036 1843 of
1062 1809 1271 1855 expiation3
1296 1808 1378 1844 how
1398 1820 1466 1844 can
1497 1821 1571 1857 any

109 1873 179 1897 one
199 1862 266 1896 fail
287 1866 326 1897 to
356 1873 427 1903 see,
449 1864 647 1910 especially
675 1876 748 1910 any
778 1865 975 1907 Christian,
995 1865 1093 1900 what
1119 1877 1166 1900 an
1189 1865 1366 1912 unhappy
1392 1866 1465 1901 and
1495 1867 1570 1902 dis—

107 1923 251 1954 astrous
283 1919 399 1965 thing,
430 1921 503 1954 and
532 1920 615 1955 how
645 1922 879 1968 strenuously
911 1926 950 1957 to
981 1922 1029 1957 be
1061 1923 1229 1964 avoided,
1253 1923 1284 1958 is
1315 1934 1337 1957 a
1368 1934 1454 1964 war,
1475 1935 1569 1959 even

108 1976 214 2011 when
245 1980 311 2011 not
349 1978 499 2022 unjust?
567 1978 756 2024 Certainly
796 1990 932 2025 among
970 1979 1035 2014 the
1075 1980 1217 2015 Greeks
1257 1980 1338 2015 who
1378 1981 1569 2026 professed

108 2033 358 2080 Christianity,
388 2034 452 2068 the
478 2035 607 2070 Canon
631 2047 703 2071 was
728 2036 815 2082 long
845 2037 1035 2078 observed,
1060 2036 1110 2082 by
1130 2037 1248 2071 which
1270 2037 1375 2072 those
1392 2037 1474 2072 who
1494 2037 1569 2072 had

107 2090 223 2125 killed
243 2102 290 2125 an
311 2102 443 2137 enemy
467 2092 504 2126 in
523 2103 595 2138 any
615 2104 689 2127 war
709 2093 906 2136 whatever,
926 2104 1022 2129 were
1042 2093 1102 2128 for
1122 2105 1144 2128 a
1163 2095 1254 2129 time
1271 2094 1450 2129 excluded
1469 2094 1569 2129 from

108 2148 369 2195 participation
389 2149 427 2183 in
447 2149 576 2184 sacred
597 2151 729 2184 offices.
