2018 3204
335 153 390 195 96
819 162 886 196 DE
918 161 1301 197 JUREJURANDO.
1626 159 1722 203 [11113.
1742 160 1791 196 ΙΙ.

116 288 153 329 132
165 289 279 316 Avffiv.
336 275 378 312 ct
411 269 465 312 ad
499 269 818 327 Aristophanem
855 269 1112 312 Scholiastes.
1170 269 1237 312 Sic
1271 269 1478 325 Josephus
1512 284 1588 325 per
1623 269 1796 312 salutem

120 319 310 372 &dxlii-1⁵·
336 336 564 378 Pharaonis
588 336 751 391 jurasse
782 336 946 393 legitur,
980 350 1031 377 ex
1064 351 1176 377 more
1211 336 1322 392 apud
1353 336 1581 392 AEgyptios
1614 341 1795 391 recepto,

118 413 208 443 21³e9·
223 412 286 438 M·
337 416 457 457 quem
480 401 537 443 ibi
558 407 675 443 notat
698 402 988 451 Abenesdras3
1020 401 1216 443 CElisaeus
1239 417 1313 458 per
1337 401 1463 444 vitam
1487 401 1602 444 Eliae.
1649 402 1798 456 Neque

336 482 435 509 vero
461 467 649 508 Christus
668 468 858 509 Matthaei
881 483 918 509 v.
944 473 991 509 ut
1008 467 1174 523 quidam
1193 468 1440 516 existimant,
1456 467 1544 508 haec
1562 467 1799 523 juramenta

336 533 426 574 vult
457 533 589 574 minus
624 547 712 574 esse
742 532 851 575 licita
874 547 995 588 quam
1021 548 1113 588 quae
1142 548 1335 589 expresso
1360 533 1440 575 Dei
1471 533 1634 574 nomine
1668 532 1797 575 fiunt:

336 598 408 639 sed
433 612 523 639 cum
544 598 715 640 Hebraei
739 613 788 640 ea
810 598 943 640 minus
967 604 1174 650 curarent,
1200 599 1389 655 opinione
1412 600 1588 655 quadam
1613 614 1694 640 non
1718 599 1799 640 dis-

336 663 455 704 simili
479 663 584 705 illius
608 664 677 719 qui
701 664 817 713 dixit,
840 666 1092 719 ⁵Sceptrum
1116 680 1199 707 non
1216 674 1348 720 putat
1367 681 1450 708 esse
1469 667 1595 714 Deos,
1621 664 1801 706 ostendit

337 735 380 771 et
402 730 491 770 haec
516 744 604 771 esse
628 744 726 772 vera
748 729 998 785 juramenta.
1057 731 1166 772 Nam
1191 738 1233 772 et
1256 731 1457 786 Ulpianus
1489 731 1642 786 optime
1669 730 1801 773 dixit:

118 805 254 865 sistat?
268 805 300 829 de
345 797 437 847 Qui
449 810 528 849 per
545 797 727 838 salutem
743 811 868 837 suam
881 797 1026 850 jurat,
1055 798 1194 838 Deum
1209 797 1365 850 jurare
1382 798 1565 845 videtur,
1585 792 1802 852 dre-§pecta

118 875 312 930 gausum.
339 863 448 902 em’m
481 863 622 903 divini
651 863 865 904 Numinis
888 862 1034 915 jurat.
1091 862 1158 903 Sic
1184 862 1372 904 Christus
1401 862 1579 904 ostendit
1607 877 1700 903 eum
1732 861 1803 917 qui

151 924 158 930 '
338 926 534 982 templum
566 927 698 982 jurat,
738 926 875 969 Deum
907 928 1051 982 jurare
1088 927 1158 982 qui
1196 928 1348 984 templo
1387 927 1611 984 praesidet;
1649 933 1691 970 et
1732 927 1803 983 qui

339 992 499 1042 coelum,
529 992 665 1034 Deum
688 993 758 1048 qui
782 992 882 1034 coelo
908 993 1022 1035 velut
1045 992 1204 1035 insidet.

440 1059 467 1099 2
514 1059 572 1100 At
605 1059 777 1100 Hebraei
809 1058 995 1115 magistri
1031 1058 1203 1101 istorum
1233 1064 1464 1116 temporum
1498 1059 1802 1109 existimabant,

339 1138 421 1165 non
449 1124 650 1181 obstringi
677 1124 861 1166 homines
887 1124 1134 1180 juramentis
1164 1140 1240 1181 per
1262 1140 1330 1167 res
1358 1125 1541 1167 conditas
1564 1125 1695 1176 factis,
1727 1125 1805 1167 nisi

339 1190 501 1246 adjecta
524 1204 659 1245 poena,
688 1196 735 1232 ut
759 1190 792 1232 si
816 1204 894 1239 res,
925 1190 976 1231 de
1000 1204 1081 1246 qua
1098 1190 1333 1246 jurabatur,
1359 1192 1450 1233 Deo
1481 1197 1802 1234 consecraretur.

341 1257 433 1297 Hoc
457 1255 563 1297 enim
583 1262 644 1298 est
661 1255 940 1311 juramentum
964 1255 1143 1316 κορβᾶν,
1169 1256 1254 1298 sive
1278 1254 1322 1300 ἐν
1344 1259 1407 1313 τῷ
1426 1252 1559 1316 δώρῳ,
1586 1256 1700 1312 eujus
1722 1271 1805 1298 non

341 1321 450 1363 dicto
481 1327 643 1364 tantum
671 1321 864 1364 Matthaei
894 1322 994 1371 1000,
1031 1323 1103 1364 sed
1129 1322 1172 1363 in
1202 1322 1424 1379 Tyriorum
1455 1337 1618 1378 quoque
1645 1322 1806 1380 legibus

122 1397 272 1455 fflffiiffig·
341 1386 493 1429 mentio
515 1387 719 1436 exstabat,
752 1393 800 1429 ut
823 1402 874 1429 ex
897 1388 925 1428 J
929 1387 1070 1443 osephi
1094 1394 1239 1430 contra
1270 1388 1502 1444 Appionem
1526 1388 1806 1444 disputatione

125 1460 138 1490 ξ
152 1460 189 1484 22.
200 1466 227 1490 p.
237 1460 293 1484 453.

399 1506 413 1522 c
432 1501 568 1531 Elisffus
580 1512 641 1540 per
658 1502 754 1531 vitam
768 1502 868 1540 Ezioe]
890 1502 983 1532 Adde
999 1512 1039 1534 11.
1105 1504 1170 1533 rint
1184 1513 1301 1540 vocem,
1311 1513 1373 1542 qua
1383 1505 1549 1532 uterentur
1562 1504 1602 1532 ad
1613 1512 1721 1532 omnes
1732 1502 1808 1532 Ori-

341 1550 467 1590 Regum
482 1551 523 1580 iv.
539 1553 590 1581 30.
613 1552 706 1581 Cant.
722 1552 754 1581 ii.
770 1552 798 1581 7.
1108 1554 1189 1582 entis
1198 1554 1333 1591 populos
1348 1553 1558 1591 designandos
1570 1563 1577 1582 z
1589 1556 1620 1582 et
1628 1553 1723 1590 longe
1733 1556 1807 1581 ante

402 1601 415 1618 5
438 1601 544 1630 Ovidii
570 1605 628 1638 est,
664 1602 792 1631 Remed.
821 1602 928 1631 Amor.
957 1611 1037 1632 vers.
1108 1606 1234 1642 tempus
1250 1604 1422 1642 juramenti
1444 1603 1527 1631 illius
1548 1603 1731 1640 introducti,
1746 1611 1807 1631 vox

342 1651 412 1681 784.
453 1651 489 1681 J.
504 1652 548 1682 B.
1111 1654 1281 1692 Καρβάνοι
1295 1655 1327 1682 in
1342 1663 1401 1682 usu
1420 1657 1496 1690 erat,
1515 1663 1612 1691 quum
1632 1653 1808 1691 reperiatur

401 1701 416 1721 <³
438 1702 587 1739 Respectu
610 1703 689 1731 enim
710 1702 810 1731 divini
830 1702 1040 1739 Numincsju-
1109 1705 1193 1742 apud
1203 1704 1398 1742 AEschyluni,
1410 1704 1449 1732 ab
1462 1704 1602 1732 Auctore
1621 1703 1689 1739 ipso
1698 1702 1808 1731 lauda-

343 1749 410 1788 ναΐ]
435 1750 486 1779 Ita
501 1754 533 1780 et
550 1752 720 1780 Gratianus
731 1761 825 1781 causa
836 1761 929 1782 xxn.
940 1761 1042 1790 quaes-
1110 1757 1189 1783 tum.
1205 1755 1243 1783 In
1260 1755 1411 1792 Euripide
1426 1757 1542 1788 tamen,
1558 1762 1651 1791 quem
1662 1753 1746 1782 idem
1760 1753 1809 1781 in-

344 1800 430 1829 tione
446 1802 473 1828 1.
1111 1804 1206 1839 dicat¹
1222 1813 1284 1832 non
1299 1804 1442 1842 reperio:
1461 1812 1563 1841 neque
1581 1803 1666 1831 illam
1687 1803 1810 1832 notavit

403 1849 417 1867 ⁶
438 1849 624 1880 Verisimilis
651 1860 714 1879 non
740 1851 864 1879 videtur
886 1850 962 1879 mihi
989 1851 1043 1880 illa
1111 1854 1142 1881 in
1159 1854 1267 1882 Indice
1288 1863 1344 1882 suo
1362 1853 1542 1888 Barnesius,
1561 1853 1743 1890 ceteroquin
1762 1852 1810 1881 di.

345 1900 545 1938 etymologia.
588 1900 700 1938 Neque
710 1901 791 1929 enim
808 1902 856 1929 sat
871 1900 938 1929 noti
953 1903 1044 1930 erant
1110 1903 1349 1940 ligentissimus.
1375 1903 1511 1932 Videtur
1526 1903 1650 1931 Auctor
1663 1912 1734 1931 cum
1748 1902 1810 1931 isto

348 1949 467 1978 Graecis
482 1952 603 1978 veteres
617 1950 731 1985 Judaei,
743 1953 806 1978 uta
816 1950 941 1978 nomine
952 1950 1043 1988 jura-
1112 1952 1213 1980 Poeta
1247 1953 1425 1981 confudisse
1460 1953 1555 1981 alium
1589 1953 1809 1989 recentiorem,

346 1999 444 2028 menti
458 1999 542 2037 apud
556 1999 613 2028 hos
627 1999 735 2028 usitati
752 1999 796 2027 illi
809 2002 917 2037 petere
932 2002 1045 2037 potue·
1113 2001 1202 2039 eujus
1224 2002 1311 2030 loeus
1331 2002 1474 2031 adfertur
1497 2002 1529 2030 in
1553 2001 1686 2037 Lexicis,
1708 2001 1810 2040 Lyco-

347 2164 398 2210 by
414 2164 478 2199 the
497 2164 563 2199 life
584 2164 627 2200 of
642 2165 827 2207 Pharaoh,
846 2166 1035 2211 following
1055 2165 1119 2201 the
1137 2167 1324 2212 Egyptian
1342 2169 1506 2208 custom3
1528 2166 1601 2200 and
1622 2165 1750 2201 Elisha
1770 2169 1810 2201 to

348 2222 482 2267 Elijah,
499 2221 551 2256 As
572 2223 631 2268 thy
651 2224 727 2257 soul
749 2223 860 2263 liveth,
882 2228 902 2257 2
920 2224 1037 2268 Kings
1055 2224 1092 2257 ii.
1112 2227 1144 2258 2.

419 2278 506 2313 And
533 2279 667 2320 Christ,
690 2280 729 2313 in
750 2280 885 2314 Matth.
907 2292 954 2320 V.,
973 2280 1061 2314 does
1083 2285 1160 2321 not,
1191 2292 1230 2315 as
1262 2291 1363 2315 some
1392 2290 1562 2325 suppose,
1591 2279 1700 2314 teaoh
1727 2279 1810 2314 that

349 2335 455 2370 these
482 2335 588 2370 oaths
620 2347 683 2371 are
709 2336 781 2371 less
806 2336 933 2370 lawful
955 2336 1045 2370 than
1070 2336 1175 2371 those
1195 2338 1235 2370 in
1255 2337 1374 2371 which
1408 2336 1520 2370 God's
1545 2348 1656 2370 name
1686 2336 1716 2370 is
1749 2347 1811 2370 ex-

349 2393 511 2439 pressed,
532 2393 600 2427 but
620 2393 702 2428 that
728 2393 816 2439 they
837 2404 932 2427 were
954 2397 1037 2427 true
1064 2393 1181 2434 oaths,
1202 2393 1343 2438 though
1364 2393 1428 2427 the
1449 2393 1625 2427 Hebrews
1652 2392 1813 2438 thought

349 2460 452 2484 more
468 2449 601 2495 lightly
617 2449 659 2483 of
676 2450 790 2485 them.
824 2450 873 2484 As
886 2450 1027 2495 Ulpian
1048 2461 1140 2495 says,
1159 2450 1242 2484 that
1261 2450 1309 2484 he
1330 2450 1411 2484 who
1432 2461 1564 2484 swears
1585 2449 1635 2495 by
1654 2449 1711 2484 his
1732 2460 1814 2483 own

349 2507 541 2548 salvation,
562 2517 694 2541 swears
710 2506 759 2552 by
774 2506 880 2548 God3
906 2518 946 2541 so
965 2506 1088 2541 Christ
1108 2507 1240 2552 taught
1257 2506 1340 2541 that
1359 2506 1406 2541 he
1428 2506 1509 2540 who
1526 2517 1659 2541 swears
1680 2506 1729 2552 by
1748 2505 1814 2541 the

353 2564 503 2608 temple,
520 2574 562 2597 or
578 2563 627 2608 by
644 2563 797 2605 heaven,
816 2574 949 2598 swears
969 2563 1019 2609 by
1038 2563 1134 2597 God.

420 2624 442 2653 2
473 2620 553 2654 The
570 2620 728 2654 Hebrew
746 2620 914 2654 teachers
932 2620 974 2654 of
986 2620 1069 2654 that
1089 2621 1179 2655 time
1195 2620 1283 2655 held
1297 2620 1378 2655 that
1396 2631 1481 2655 men
1494 2630 1591 2654 were
1607 2623 1673 2654 not
1687 2618 1815 2653 bound

350 2676 389 2709 in
411 2676 516 2711 oaths
537 2677 575 2710 in
592 2676 711 2711 which
728 2676 816 2722 they
833 2677 907 2711 had
928 2688 1048 2711 sworn
1072 2677 1121 2722 by
1147 2677 1296 2712 created
1316 2677 1451 2722 things,
1472 2680 1603 2722 except
1623 2676 1688 2710 the
1709 2674 1815 2720 thing

352 2743 471 2766 sworn
495 2733 556 2779 by,
584 2744 693 2774 were,
718 2745 757 2768 as
785 2745 807 2768 a
834 2734 997 2780 penalty,
1024 2734 1152 2768 vowed
1178 2738 1217 2768 to
1240 2734 1335 2768 God.
1389 2733 1478 2768 This
1506 2734 1536 2768 is
1563 2732 1628 2767 the
1657 2730 1746 2766 oath
1775 2731 1818 2765 of

355 2787 508 2829 Corbcm,
526 2790 644 2824 which
661 2791 690 2824 is
708 2794 774 2824 not
790 2791 878 2836 only
895 2791 1109 2825 mentioned
1131 2791 1169 2824 in
1191 2790 1381 2832 Matthew,
1401 2790 1469 2824 but
1490 2790 1567 2824 also
1587 2799 1660 2822 was
1679 2788 1815 2821 known

353 2846 392 2877 to
405 2843 469 2878 the
482 2846 649 2890 Tyrians,
662 2858 700 2881 as
719 2858 772 2881 we
790 2848 894 2881 learn
914 2847 1011 2882 from
1026 2848 1051 2882 J
1053 2847 1211 2893 osephus
1229 2848 1372 2892 against
1384 2846 1544 2892 Appion.
1596 2844 1681 2879 And
1697 2843 1815 2878 hence

353 2899 372 2934 I
397 2910 556 2946 suppose
582 2902 646 2937 tho
667 2904 825 2938 oriental
852 2904 1004 2950 peoples
1025 2915 1120 2939 were
1144 2904 1262 2939 called
1283 2904 1464 2944 Karbani,
1491 2913 1530 2937 as
1556 2902 1595 2937 in
1616 2900 1816 2948 AEschylus
