2018 3204
163 443 218 470 251.

384 90 466 130 330
972 96 1040 129 DE
1071 94 1252 128 POENIS.
1673 91 1769 136 [Lm.
1785 92 1837 127 11.

381 205 599 247 Dominus
621 219 704 246 ozon
727 217 885 258 coyem,
918 203 991 244 secl
1016 202 1254 243 libertatem
1277 215 1402 243 suam
1431 201 1646 242 voluntati
1660 201 1841 255 permit-

384 278 484 319 tens,
520 271 689 312 dicebat
725 270 894 323 quidem
929 268 1055 321 vulgyo
1089 267 1312 308 omnibus:
1354 267 1405 308 Si
1439 267 1536 321 quis
1573 266 1668 308 vult
1697 267 1841 308 venire

377 345 476 391 post
510 350 601 377 me:
647 334 866 389 Apostolis
900 347 1025 374 vero:
1072 327 1299 387 bnunquid
1332 340 1371 374 et
1409 346 1481 373 vos
1515 332 1635 373 abire
1672 331 1842 373 vulti-3?

165 412 286 437 'rom-11·
301 418 326 442 p·
385 402 704 457 Chrysostomus
726 399 781 440 ad
804 398 977 440 eundem
1001 397 1204 439 Johannis
1224 397 1380 439 locum:
1408 395 1555 456 ἑρωτᾷ
1585 394 1746 454 λέγων,
1781 394 1841 449 μή

382 465 450 509 καὶ
477 465 590 517 ὑμεῖς
614 461 775 507 θέλετε
800 461 1012 521 ὑπάγεινς
1039 462 1150 522 ὅπερ
1172 464 1324 506 πᾶσαν
1346 458 1394 514 ἧν
1417 460 1713 522 ἀφαιροῦντος
1735 460 1842 518 βίαν

383 530 454 574 καὶ
487 527 690 587 ἀνάγκην
720 532 960 585 interroqat
995 544 1054 570 cm
1088 538 1127 571 et
1160 531 1249 584 ipsi
1283 530 1414 571 velint
1448 529 1699 571 discedere?
1729 530 1842 584 quod

381 612 543 639 omnem
567 602 627 638 est
650 598 884 638 amoventis
907 597 995 637 vim
1017 610 1069 637 ac
1092 596 1392 637 necessitatem.

480 664 507 704 3
551 662 593 703 N
595 676 640 703 ec
664 661 800 703 obstat
821 661 921 702 illud
944 661 987 702 in
1016 660 1156 702 fabula
1187 660 1240 702 de
1263 660 1425 716 nuptiis,
1449 660 1559 716 quod
1583 659 1751 716 quidam
1774 659 1842 715 ju-

384 729 532 771 bentur
566 727 658 784 cogi
688 727 858 776 intrare,
896 727 993 768 Luc.
1023 726 1104 768 xiv.
1131 727 1200 774 23,
1236 740 1331 767 nam
1365 726 1469 767 sicut
1497 725 1540 767 in
1572 725 1661 781 ipsa
1691 725 1843 767 fabella

381 794 483 836 illud
506 808 653 851 cogere
676 792 937 834 cinstantiam
960 791 1164 834 vocatoris
1183 791 1398 848 significat,
1427 791 1486 833 ita
1509 796 1552 833 et
1573 791 1616 832 in
1647 791 1843 832 affabula-

381 860 507 909 tione,
532 874 612 915 quo
631 873 751 900 sensu
771 873 855 900 vox
873 858 1055 914 ejusdem
1075 856 1380 914 significationis
1397 856 1595 912 accipitur·
1613 857 1708 898 Luc.
1728 855 1840 897 xxiv.

384 927 455 975 29,
495 940 570 967 nec
608 924 730 966 aliter
765 924 915 965 Matth.
949 923 1033 965 xiv.
1068 925 1152 971 223
1200 924 1329 964 Marc.
1363 922 1414 964 vi.
1443 924 1528 972 453
1576 921 1671 965 Gal.
1701 921 1739 962 ii.
1771 922 1842 963 14.

381 991 606 1047 Procopius
628 990 670 1031 in
692 1004 854 1031 arcanae
878 988 1059 1031 historiae
1088 994 1208 1044 parte
1233 989 1363 1037 docet,
1386 1002 1411 1029 a
1433 987 1684 1043 sapientibus
1707 987 1844 1042 culpa-

381 1062 470 1099 tum
500 1057 623 1098 fuisse
647 1051 898 1098 dJustiniani
926 1054 1148 1104 consilium,
1179 1054 1290 1109 quod
1325 1053 1553 1096 Samaritas
1576 1053 1618 1095 vi
1646 1067 1695 1094 ac
1725 1052 1845 1094 minis

439 1171 454 1193 b
473 1171 629 1210 Nunquid
641 1175 670 1201 et
682 1181 736 1200 vos
750 1172 837 1200 abire
852 1171 946 1200 vultis
957 1169 987 1209 ?J
1015 1171 1077 1209 Cy-

379 1222 509 1260 prianus
531 1222 665 1260 epistola
686 1230 739 1251 Lv-
772 1221 945 1251 Conversus
966 1220 1011 1249 ad
1032 1220 1079 1249 A-

374 1271 517 1309 postolos
528 1280 600 1300 suos
614 1271 714 1300 discit.-
731 1271 871 1309 nunquid
883 1274 911 1299 et
921 1279 974 1298 vos
986 1270 1080 1298 vultis

381 1320 452 1350 ire?
481 1330 608 1349 servans
629 1320 747 1349 scilicet
771 1320 874 1358 leqem,
901 1328 965 1357 qua
990 1319 1078 1347 homo

380 1370 519 1399 libertati
531 1379 591 1398 811ae
605 1369 741 1404 relictus,
762 1372 790 1397 et
804 1369 837 1397 in
854 1369 988 1397 arbitrio
1000 1377 1080 1405 pro-

375 1420 453 1458 prio
467 1420 658 1454 constitutus,
679 1418 798 1447 sibimet
812 1418 877 1455 ipse
893 1417 941 1446 vel
954 1420 1079 1445 mortem

379 1469 509 1506 appetit,
531 1468 576 1498 cel
599 1468 740 1497 salntem.
781 1466 897 1505 (Epist.
917 1466 966 1496 59.
990 1466 1078 1496 divis.

379 1517 476 1554 Pell.)

437 1573 452 1588 ⁰
483 1567 673 1597 Iri-stantiam
708 1565 866 1595 vocatoris
902 1563 1076 1603 siqnfficat]

381 1617 561 1656 Cyprianus
581 1617 633 1646 De
650 1616 811 1646 [dolorum
831 1615 974 1644 Vanitate
994 1615 1079 1643 hunc

379 1667 484 1696 locum
506 1667 694 1705 respiciens:
716 1666 782 1695 Per
802 1666 904 1694 orbem
919 1674 990 1693 vero
1012 1665 1078 1693 dis-

379 1717 487 1754 cipuli,
505 1717 654 1754 maqistro
669 1718 698 1744 et
711 1714 781 1743 Deo
795 1717 940 1749 monente,
960 1713 1078 1752 diffusi,

374 1769 535 1804 proecepta
554 1765 618 1794 Dei
637 1765 669 1794 in
682 1764 811 1793 salutem
826 1763 947 1799 darent,
971 1763 1010 1791 αὖ
1027 1772 1078 1791 er-

380 1825 452 1844 rore
469 1815 661 1844 tenebrarum
683 1813 727 1842 ad
743 1814 828 1841 viam
845 1812 924 1841 lucis
944 1812 1078 1841 adduce-

1147 1174 1224 1205 rent,
1241 1180 1332 1200 caecos
1351 1174 1379 1200 et
1393 1171 1522 1209 iqnaros
1535 1170 1581 1199 ad
1593 1170 1780 1208 aqnitionem
1793 1179 1843 1199 ve-

1146 1221 1252 1249 ritatis
1266 1221 1435 1250 ocularent.
1475 1221 1532 1256 Ac,
1552 1229 1588 1249 ne
1607 1222 1683 1248 esset
1694 1219 1843 1257 probatio

1146 1270 1246 1298 minus
1259 1270 1372 1305 solida,
1387 1273 1415 1298 et
1428 1270 1466 1299 de
1481 1269 1607 1299 Christo
1621 1269 1758 1298 delicata
1771 1277 1843 1297 con-

1137 1318 1250 1356 fessio,
1262 1327 1322 1356 per
1333 1322 1494 1355 tormenta,
1506 1328 1564 1356 per
1574 1328 1688 1354 cruces,
1696 1327 1757 1356 per
1765 1318 1844 1347 mul-

1147 1371 1181 1397 ta
1188 1377 1352 1405 poenarum
1365 1377 1479 1406 ρεπεν-α
1493 1371 1658 1397 tentantur.
1700 1368 1792 1406 (Cap.
1802 1367 1845 1405 7.)

1205 1417 1219 1437 d
1241 1417 1418 1446 Justiniani
1436 1417 1612 1456 consilium]
1636 1418 1690 1447 Ad
1710 1418 1845 1447 eundem

1147 1466 1169 1496 J
1173 1466 1361 1495 ustinianum
1377 1467 1543 1505 epistolam
1558 1467 1763 1496 Theodahadi
1775 1466 1846 1496 vide

1146 1517 1179 1545 in
1196 1517 1385 1546 Cassiodoro
1400 1525 1435 1546 x.
1451 1517 1501 1547 26.

1206 1572 1219 1587 e
1239 1566 1435 1603 Ammianus]
1466 1567 1556 1595 Idem
1577 1575 1660 1602 vere,
1689 1566 1845 1596 Christia-

1147 1625 1219 1644 nam
1234 1616 1419 1654 religionem
1433 1615 1610 1644 absolutam
1626 1619 1657 1644 et
1671 1615 1845 1654 simplicem

1145 1669 1238 1695 vocat
1258 1664 1344 1703 (Lib.
1361 1674 1438 1694 XX1.
1455 1675 1482 1695 e.
1498 1665 1552 1703 16)
1573 1665 1717 1694 Zosimus
1731 1669 1764 1694 et
1777 1666 1845 1704 ipse

1146 1724 1308 1754 paganus:
1337 1715 1550 1752 Χριστιανῶν
1572 1714 1720 1744 πίστεως
1736 1715 1843 1753 ἐπαγ-

1146 1765 1247 1803 γελία
1261 1765 1390 1793 ’παντὸς
1412 1764 1649 1802 ἁμαρτήματος
1667 1766 1719 1794 καὶ
1735 1764 1846 1800 πάσης

1146 1813 1301 1850 ἀσεβείας
1324 1813 1524 1851 ἀπαλλαγή·
1551 1813 1740 1844 Christianae
1759 1814 1844 1852 fidei

380 1978 486 2013 Luke
503 1979 551 2013 ix.
572 1982 628 2018 55,
651 1978 699 2011 Ye
719 1977 820 2011 know
840 1983 900 2011 not
920 1978 1014 2011 what
1034 1990 1185 2012 mamzer
1205 1980 1250 2025 of
1271 1979 1377 2024 spirit
1402 1990 1446 2023 ye
1466 1989 1527 2013 are
1546 1980 1594 2025 of.
1643 1979 1751 2013 Matt.
1769 1979 1844 2013 xiii.

381 2039 438 2076 29,
458 2036 555 2080 qu,
573 2035 632 2068 lest
652 2035 750 2068 while
763 2046 806 2079 ye
823 2035 947 2079 yather
961 2046 1010 2079 up
1024 2035 1076 2068 the
1093 2040 1196 2075 tares,
1213 2033 1296 2077 δια]
1336 2035 1381 2069 In
1399 2034 1471 2069 this
1487 2045 1602 2075 sense,
1620 2034 1701 2069 that
1717 2036 1845 2081 saying

379 2092 424 2126 'of
441 2091 647 2126 Tertullian
667 2091 697 2125 is
715 2094 811 2125 most
827 2095 921 2131 true,
942 2091 975 2124 T
973 2092 1011 2125 lze
1028 2103 1102 2125 new
1121 2092 1190 2125 law
1207 2092 1284 2126 does
1301 2098 1362 2126 not
1378 2097 1487 2125 assert
1503 2092 1547 2125 its
1563 2092 1675 2136 riyhts
1690 2093 1774 2126 with
1791 2093 1845 2127 the

379 2149 507 2183 sword.
571 2148 620 2182 So
641 2148 680 2181 in
700 2147 763 2182 the
792 2147 1023 2182 Clementine
1045 2148 1337 2182 Constitutions:
1369 2147 1604 2182 Athanasius.
1667 2148 1845 2194 Chrysos-

379 2209 470 2246 tom,
488 2216 536 2239 on
557 2205 621 2239 the
637 2215 802 2250 passage,
821 2204 923 2238 John
933 2204 978 2238 vi.
1002 2207 1058 2245 67,
1074 2216 1156 2250 says
1172 2204 1255 2239 that
1275 2205 1305 2239 it
1321 2215 1488 2239 removes
1509 2205 1560 2238 all
1579 2205 1821 2250 compulsion.
1859 2202 1864 2204 “

454 2266 474 2296 3
506 2261 586 2296 The
606 2261 759 2307 parable
780 2261 823 2295 of
838 2261 903 2295 the
923 2261 1104 2306 wedding,
1124 2262 1231 2296 Luke
1252 2262 1322 2297 xiV.
1347 2265 1404 2302 23,
1426 2262 1566 2306 Compel
1585 2262 1674 2296 them
1695 2267 1728 2296 to
1749 2274 1842 2297 come

379 2319 429 2359 in,
456 2319 486 2353 is
506 2322 573 2353 not
600 2319 744 2363 against
763 2317 847 2352 this.
911 2318 985 2352 For
1010 2319 1047 2352 in
1072 2318 1155 2353 that
1175 2318 1340 2363 parable,
1365 2317 1430 2352 the
1454 2319 1665 2363 expression
1683 2319 1844 2364 signifies

379 2375 445 2410 the
464 2386 627 2421 urgency
648 2374 690 2409 of
712 2374 777 2409 the
804 2375 1021 2415 invitation3
1052 2375 1126 2409 and
1155 2376 1194 2408 in
1215 2375 1290 2409 like
1320 2386 1485 2416 manner,
1511 2375 1551 2409 in
1575 2375 1640 2410 the
1660 2375 1844 2421 interpre-

379 2433 510 2473 tation,
530 2433 570 2466 in
589 2431 709 2466 which
728 2442 833 2466 sense
853 2431 971 2465 words
997 2431 1040 2466 of
1067 2431 1131 2466 the
1151 2432 1225 2465 like
1250 2432 1496 2476 signification
1526 2442 1590 2466 are
1617 2432 1718 2472 used,
1737 2432 1844 2467 Luke

379 2489 473 2522 xxiv.
497 2493 553 2530 29,
578 2489 669 2533 They
690 2488 913 2522 constrained
928 2489 1011 2522 him.
1066 2488 1115 2522 So
1136 2488 1244 2522 Matt.
1262 2489 1332 2521 xiv.
1357 2492 1413 2529 22,
1432 2489 1533 2523 Jesus
1550 2489 1774 2523 constrained
1791 2489 1845 2523 his

380 2546 549 2590 disciples,
568 2546 645 2585 δια,
665 2545 738 2578 and
759 2545 797 2578 in
814 2544 878 2578 the
898 2545 1053 2590 parallel
1073 2555 1238 2590 passage,
1253 2544 1363 2578 Mark
1376 2544 1421 2578 vi.
1442 2549 1499 2578 45.
1564 2545 1614 2579 So
1632 2545 1714 2579 Gal.
1732 2545 1769 2578 ii.
1788 2549 1844 2586 14,

386 2602 480 2647 Why
501 2603 692 2647 compellest
712 2602 795 2636 thou
817 2602 869 2635 the
900 2601 1063 2642 Gentiles,
1085 2602 1152 2636 Sco.
1213 2602 1418 2646 Procopius
1439 2612 1532 2646 says,
1551 2601 1635 2635 that
1653 2601 1843 2636 Justinian

379 2669 452 2692 was
473 2659 621 2693 blamed
648 2658 697 2704 by
717 2659 802 2692 wise
822 2669 908 2692 men
932 2658 990 2691 for
1018 2658 1241 2703 compelling
1266 2657 1331 2691 the
1353 2657 1581 2692 Samaritans
1605 2658 1655 2703 by
1670 2658 1772 2692 force
1802 2662 1842 2691 to

379 2713 533 2749 become
552 2715 773 2749 Christians:
801 2714 875 2748 and
891 2715 982 2748 adds
999 2714 1062 2749 the
1079 2715 1384 2749 inconveniences
1401 2714 1519 2748 which
1536 2714 1712 2756 resulted,
1722 2712 1842 2747 which

381 2779 456 2814 you
475 2781 560 2815 may
579 2772 657 2805 find
678 2772 716 2805 in
736 2772 792 2806 his
813 2771 922 2806 book.

454 2825 596 2861 XLIX.
660 2831 678 2861 1
722 2828 825 2874 They
855 2827 937 2863 who
970 2827 1144 2874 teaching
1174 2838 1217 2862 or
1247 2827 1454 2874 professing
1485 2825 1734 2870 Christianity,
1762 2823 1837 2858 add
