2018 3204
82 566 89 588 l
111 565 164 589 sat.
180 563 215 587 iii.
230 563 267 592 78,

82 596 120 623 79.

149 1060 172 1087 2,
186 1059 209 1082 3.

299 105 380 143 {21⁴2
891 107 958 141 DE
990 105 1172 139 l’OENIS.
1600 102 1696 146 [Liss.
1713 103 1764 137 11.

299 218 431 260 {uitur
467 216 693 273 aequalitas,
733 229 877 257 verum
911 227 993 254 non
1029 227 1117 254 esse
1153 210 1196 253 in
1230 209 1431 266 principio
1471 210 1606 267 operis
1645 210 1769 267 hujus

301 284 576 326 ostendimus:
612 282 760 324 deinde
791 280 900 335 quod
933 278 1064 335 magis
1095 282 1287 319 nocentes
1316 276 1496 333 gravius,
1533 276 1666 318 minus
1697 291 1769 318 no-

301 357 438 392 centes
461 349 591 390 levius
611 347 848 402 puniuntur,
874 345 916 387 id
940 359 1014 400 per
1038 342 1370 399 consequentiam
1390 343 1594 385 duntaxat
1618 342 1768 392 evenit,

301 431 382 457 non
422 414 531 470 quod
567 414 644 454 hoc
679 411 811 468 primo
849 426 897 452 ac
933 425 1007 466 per
1044 425 1088 452 se
1125 415 1345 465 spectetur.
1409 409 1517 449 Nam
1553 407 1685 464 primo
1722 422 1771 449 ae

302 496 377 536 per
407 495 450 521 se
481 484 689 534 spectatur
724 477 957 533 caequalitas
985 475 1092 518 inter
1123 475 1284 532 culpam
1316 479 1357 516 et
1384 488 1572 531 poenam:
1608 474 1660 517 de
1691 487 1772 530 qua

306 545 531 587 Horatius:

1170 609 1246 644 Cur
1265 621 1341 644 non

536 670 769 705 Ponderibus
791 669 1025 714 modulisque
1045 667 1120 702 suis
1140 668 1236 700 ratio
1257 667 1386 707 utitur,
1403 677 1445 700 ac
1466 677 1524 701 res

533 728 589 762 Ut
609 738 764 773 quaeque
785 730 841 761 est
862 727 914 760 ita
935 725 1124 771 suppliciis
1145 724 1282 758 delicta
1297 722 1468 758 eo'e‘rcet?

306 795 363 835 Et
385 792 481 835 alibi
505 792 626 847 (Ibid.
652 806 759 835 vers.
787 790 886 841 117,
911 791 1042 845 118);

1227 856 1335 892 Adsit

536 918 681 963 Regula
701 917 863 963 peccatis
885 928 966 962 quae
987 926 1115 962 poenas
1135 914 1274 959 irroget
1294 924 1430 959 aequas,

535 976 616 1009 Nec
637 975 776 1009 scutica
796 975 949 1019 dignum
967 972 1137 1007 horribili
1157 976 1299 1006 sectere
1320 971 1481 1017 flagello.

306 1040 464 1082 Eodem
490 1047 647 1095 spectat
670 1040 736 1080 lex
761 1039 900 1080 divina
925 1038 1152 1080 Deuteron.
1179 1052 1275 1078 xxv.
1299 1042 1341 1078 et
1364 1033 1737 1078 NovellaLeonis.

404 1108 429 1147 2
480 1107 562 1148 Sed
586 1121 659 1146 nec
683 1105 857 1146 alterum
882 1104 991 1159 quod
1016 1103 1072 1144 illi
1094 1108 1250 1158 ponunt
1275 1102 1406 1159 magis
1429 1115 1572 1143 verum
1597 1106 1672 1149 est,
1692 1114 1778 1155 poe-

309 1187 383 1213 nas
407 1187 546 1212 omnes
570 1172 709 1212 venire
734 1186 785 1211 ex
806 1177 893 1212 toto
918 1170 972 1211 ad
996 1174 1169 1225 partem,
1194 1168 1303 1223 quod
1326 1182 1377 1208 ex
1400 1167 1464 1208 his
1488 1181 1580 1221 quae
1604 1165 1778 1207 dicenda

310 1244 404 1278 sunt
429 1237 656 1292 apparebit.
709 1238 818 1277 Tum
842 1250 939 1277 vero
965 1241 1170 1277 ostensum
1194 1248 1219 1275 a
1243 1233 1358 1274 nobis
1383 1247 1509 1288 supra
1534 1237 1608 1280 est,
1634 1245 1778 1272 veram

304 1302 475 1359 justitiae
507 1302 787 1358 assignatricis
819 1301 1021 1342 rationem
1051 1314 1126 1341 nec
1157 1299 1199 1340 in
1234 1298 1307 1341 tali
1341 1297 1592 1353 aequalitate,
1626 1311 1701 1338 nec
1735 1295 1779 1337 in

368 1423 381 1438 c
395 1417 583 1455 AEqualz'tas
598 1417 678 1445 inter
692 1416 815 1454 culpam
832 1419 860 1445 et
869 1414 1009 1454 poenam]

311 1469 430 1497 Seneca
457 1467 494 1495 de
518 1466 579 1495 Ira
607 1475 646 1496 11.
672 1467 702 1496 6.
744 1466 877 1504 Iniquus
903 1466 963 1495 erit
982 1466 1011 1494 si

1084 1414 1217 1444 Oraturi
1230 1424 1266 1443 ne
1285 1414 1407 1443 delictis
1419 1412 1578 1451 supplicia
1599 1412 1663 1441 sint
1682 1421 1780 1451 qran-

1082 1466 1185 1494 diora.
1230 1464 1419 1493 Scholiastes
1439 1463 1478 1491 ad
1500 1462 1678 1499 Horatium,
1692 1461 1780 1499 (init.

310 1519 471 1557 aqualiter
492 1518 647 1546 irascetur
676 1516 894 1554 inoequalibus.
918 1516 1010 1545 Taci-

311 1572 363 1597 tus
378 1567 547 1596 Annalium
562 1575 613 1594 111.
627 1567 714 1604 (cap.
724 1566 792 1602 50.)
814 1566 1013 1604 Sinflctqitia

312 1621 340 1647 et
356 1618 513 1655 fiicinora
539 1617 605 1645 sine
631 1617 720 1645 modo
742 1619 821 1651 sunt,
848 1616 1014 1654 suppliciis

311 1671 340 1696 et
362 1667 504 1696 remediis
522 1666 681 1704 principis
704 1665 886 1700 moderatio,
912 1665 1011 1702 majo-

313 1727 440 1755 rumque
459 1720 486 1745 et
509 1720 612 1745 vestra
629 1716 768 1753 eoecmplcz
784 1718 961 1753 temperant,
986 1717 1014 1744 et

314 1777 398 1796 υαηα
415 1776 436 1794 α
455 1767 596 1800 scelestis,
612 1766 698 1794 clieta
712 1775 733 1793 a
747 1765 909 1802 maleficiis
924 1765 1013 1803 diffie-

313 1819 408 1845 rnnt:
451 1819 494 1843 est
521 1815 606 1843 locus
635 1814 798 1849 sententiar,
830 1823 889 1851 per
921 1823 1014 1851 quam

314 1873 409 1901 neque
431 1863 503 1890 haic
525 1861 668 1890 delictum
691 1861 813 1896 impune
835 1861 886 1895 sit,
911 1863 939 1888 et
960 1869 1015 1888 nos

1083 1515 1151 1545 Sat.
1170 1524 1221 1544 111.
1237 1515 1307 1544 Lib.
1324 1515 1364 1553 Ι.)
1400 1514 1437 1544 Si
1452 1515 1485 1543 in
1499 1512 1782 1552 minimispeccatis

1081 1566 1174 1594 etiam
1187 1566 1332 1594 maoeimoe
1341 1575 1437 1604 poenae
1449 1567 1675 1600 consumuntur,
1686 1565 1784 1593 restat

1082 1617 1115 1642 ut
1129 1614 1268 1642 mamima
1282 1617 1415 1651 peccata
1433 1617 1489 1642 aut
1511 1615 1656 1641 maneant
1677 1612 1779 1649 impu-

1082 1664 1159 1700 nita,
1174 1667 1229 1692 ant
1249 1673 1330 1692 nova
1352 1663 1510 1701 supplicia
1528 1662 1781 1691 adinveniantur.

1083 1713 1150 1742 Lex
1179 1713 1431 1751 WVisigothorum
1455 1713 1536 1741 libro
1565 1720 1627 1741 ΧΠ.
1657 1711 1708 1740 tit.
1736 1710 1780 1740 iii.

1084 1772 1152 1800 cap.
1177 1764 1206 1792 1.
1247 1762 1334 1791 Nam
1356 1762 1500 1801 quaedam
1521 1762 1601 1800 leqes
1617 1762 1697 1790 sicut
1719 1760 1784 1790 cul-

1079 1822 1195 1850 parum
1215 1812 1326 1840 habent
1346 1812 1554 1848 diversitates,
1573 1821 1633 1840 non
1653 1811 1700 1840 ita
1717 1810 1782 1839 dis·

1084 1865 1186 1891 cretas
1201 1862 1232 1889 in
1247 1871 1278 1890 se
1294 1862 1447 1890 continent
1462 1861 1624 1900 (retinent)
1642 1861 1783 1897 ultiones,

317 1912 481 1942 clementiae
494 1911 587 1940 simul
600 1919 638 1939 ac
652 1909 827 1938 severitatis
845 1918 904 1937 non
915 1909 1016 1946 poeni-

316 1966 391 1992 teat.
432 1961 621 1991 Ammianus
657 1960 738 1988 libro
769 1967 898 1988 xxvnI.
929 1968 957 1989 c.
987 1961 1015 1990 1.

1084 1911 1140 1939 sed
1169 1911 1330 1948 permis-ta
1366 1911 1485 1939 scelera
1519 1914 1783 1948 transqressorum

1085 1959 1130 1988 ad
1142 1960 1232 1988 unius
1241 1959 1462 1997 permittuntur
1477 1959 1554 1998 leqis
1560 1960 1685 1998 poenale
1690 1958 1784 1995 judi-

316 2127 461 2163 obtains
492 2127 680 2161 wherever
701 2138 749 2161 an
774 2126 940 2172 equality
961 2127 991 2161 is
1018 2126 1241 2161 introduced
1265 2126 1433 2161 between
1459 2136 1564 2160 more
1587 2124 1680 2159 than
1709 2128 1783 2160 two

319 2190 444 2225 tei-ms,
461 2196 514 2219 we
530 2184 624 2218 have
642 2184 792 2229 proved,
820 2185 859 2218 in
879 2184 942 2218 the
961 2184 1162 2229 beginning
1183 2183 1226 2218 of
1250 2183 1323 2218 this
1344 2183 1456 2224 work,
1477 2187 1544 2217 not
1567 2186 1606 2217 to
1627 2182 1674 2216 be
1699 2186 1784 2216 true

325 2240 368 2287 [1.
387 2243 408 2275 i.
424 2238 475 2285 8].
537 2241 622 2275 And
640 2241 677 2274 in
698 2241 762 2275 the
790 2245 878 2276 next
899 2241 1016 2286 place,
1046 2241 1126 2276 that
1146 2245 1294 2286 greater
1311 2240 1495 2275 offenders
1513 2251 1576 2274 are
1601 2238 1785 2285 punished

321 2310 425 2333 more
453 2299 629 2343 severely,
657 2298 806 2332 smaller
832 2309 921 2333 ones
942 2309 1045 2333 more
1066 2298 1209 2344 lightly,
1236 2298 1319 2332 that
1337 2297 1424 2343 only
1440 2297 1608 2342 happens
1625 2297 1676 2342 by
1700 2306 1786 2330 con-

322 2367 515 2402 sequence,
533 2356 606 2390 and
642 2355 672 2390 is
703 2360 770 2390 not
795 2355 893 2389 what
924 2356 954 2390 is
990 2355 1125 2390 looked
1147 2360 1185 2390 to
1206 2355 1245 2389 in
1276 2355 1340 2389 the
1369 2355 1450 2389 first
1475 2354 1581 2399 place
1615 2353 1689 2388 and
1720 2365 1788 2398 per

322 2426 365 2448 se.
427 2414 503 2447 For
521 2413 585 2447 the
605 2413 712 2458 thing
732 2413 812 2447 first
832 2413 967 2447 looked
989 2416 1028 2447 at
1048 2413 1078 2447 is
1100 2412 1163 2447 the
1181 2412 1345 2458 equality
1363 2412 1533 2446 between
1556 2411 1621 2445 the
1648 2410 1789 2445 offense

323 2470 396 2504 and
423 2470 488 2504 the
516 2469 766 2515 punishment,
799 2481 838 2504 as
864 2471 1010 2504 Horace
1035 2481 1128 2515 says
1185 2466 1302 2514 [See]
1346 2468 1431 2503 And
1459 2469 1498 2502 in
1529 2468 1604 2503 like
1633 2478 1789 2502 manner

324 2528 437 2562 Deut.
458 2538 538 2561 xxv.
568 2531 600 2567 2,
622 2530 666 2567 33
696 2527 769 2560 and
787 2526 851 2561 the
868 2527 1016 2561 Novella
1033 2527 1076 2561 of
1089 2527 1176 2561 Leo.

395 2589 416 2617 2
447 2584 528 2618 Nor
552 2585 582 2618 is
613 2583 711 2617 their
741 2583 849 2618 other
878 2584 1060 2629 principle
1085 2594 1188 2618 more
1213 2587 1308 2624 true,
1338 2582 1422 2617 that
1451 2582 1502 2616 all
1527 2580 1787 2628 punishments

326 2651 429 2674 come
446 2641 542 2675 from
559 2640 623 2676 the
644 2640 762 2675 whole
787 2644 826 2675 to
847 2652 869 2675 a
886 2645 980 2686 part,
1005 2652 1043 2675 as
1061 2641 1134 2674 will
1158 2652 1298 2686 appear
1313 2640 1363 2686 by
1379 2639 1477 2674 what
1496 2650 1550 2673 we
1569 2639 1663 2673 have
1679 2638 1785 2672 here-

326 2697 422 2730 after
442 2702 480 2731 to
498 2709 573 2743 say.
626 2698 701 2732 But
731 2697 894 2732 further:
922 2699 951 2732 it
976 2698 1005 2732 is
1030 2697 1155 2732 shewn
1176 2698 1292 2732 above
1312 2697 1395 2732 that
1417 2697 1481 2731 the
1501 2700 1586 2731 true
1602 2695 1732 2729 notion
1750 2693 1793 2727 of

326 2754 539 2787 attributive
555 2755 690 2797 justice
707 2755 795 2789 does
812 2759 878 2789 not
894 2755 1070 2800 properly
1088 2755 1234 2795 consist,
1252 2754 1372 2788 either
1389 2754 1428 2787 in
1445 2753 1535 2788 such
1551 2752 1724 2797 equality‚
1746 2760 1788 2784 or

325 2809 363 2842 in
385 2809 448 2843 the
475 2821 620 2853 process
645 2811 742 2846 from
764 2811 828 2846 the
853 2812 972 2846 whole
998 2818 1036 2846 to
1062 2823 1084 2845 a
1109 2817 1215 2857 part3
1255 2812 1323 2846 but
1345 2812 1384 2844 in
1413 2811 1544 2855 taking
1568 2811 1724 2843 account
1749 2804 1793 2840 of

324 2865 407 2900 that
424 2865 533 2900 claim
550 2866 668 2901 which
694 2868 781 2902 does
805 2872 871 2903 not
888 2868 1036 2904 include
1052 2868 1152 2914 right
1173 2868 1317 2914 strictly
1335 2867 1458 2909 taken,
1478 2867 1546 2901 but
1566 2865 1665 2910 gives
1684 2873 1788 2898 occa.-
