2018 3204
341 107 426 147 302
936 112 1004 146 DE
1036 111 1217 147 POENIS.
1639 108 1735 156 [Lm.
1755 113 1805 148 11.

341 221 407 262 Ea
439 225 576 263 autem
599 219 710 262 nasci
745 218 848 261 solet
883 233 935 260 ex
959 219 1222 275 generalibus
1255 217 1532 262 invitamentis
1555 219 1609 261 ad
1636 233 1807 275 peccan-

343 286 452 336 dum,
479 301 571 342 quae
591 285 759 341 reprimi
777 284 853 325 nisi
869 284 1032 326 acribus
1049 285 1240 326 remediis
1258 290 1479 340 noqueunt.
1526 284 1806 328 Invitamenta

342 357 479 394 autem
503 351 709 406 praecipua
732 355 838 399 sunt,
865 350 1115 392 consuetudo
1140 356 1182 393 et
1204 350 1389 392 facilitas.

443 418 624 458 XXXV.
685 417 751 458 Ob
778 415 1016 458 facilitatem
1040 416 1107 457 lex
1132 416 1270 459 divina
1293 415 1486 458 Hebraeis
1510 415 1608 458 data
1631 415 1802 473 gravius

341 482 460 538 punit
482 482 638 523 furtum
661 485 681 510 g
690 482 741 523 de
764 496 913 537 pascuo
936 496 1059 537 quam
1083 482 1135 524 de
1159 482 1291 532 domo,
1317 483 1448 524 Exod.
1474 481 1572 526 xxii.
1594 484 1618 524 1
1638 487 1681 525 et
1700 481 1739 532 7,
1761 484 1802 526 9.

341 548 373 588 J
377 547 532 589 ustinus
555 547 607 589 de
632 547 800 604 Scythis
820 564 830 589 ε
865 549 1039 589 nullam
1062 549 1197 591 scelus
1220 550 1342 604 apud
1371 563 1438 591 eos
1447 551 1580 603 furto
1605 550 1801 603 9raviu3,

341 616 498 669 quippe
515 615 606 656 sine
626 622 729 656 tecto
751 615 1090 667 mzmimentoque
1103 630 1262 668 pecora
1280 623 1318 657 et
1336 623 1534 657 armenta
1549 615 1803 657 habentibus

341 682 448 733 quid
469 681 638 722 salvum
662 688 778 731 esset,
809 681 849 722 si
866 681 1030 735 furari
1055 681 1235 723 liceret?
1290 680 1430 722 Simile
1452 680 1586 722 illud
1577 695 1619 721 m
1643 679 1803 722 Aristo-

339 745 433 787 telis
476 745 745 802 problematis
790 745 969 787 sectione
1005 744 1200 789 xx1X.‹3
1246 744 1478 798 νομοθέτης
1515 743 1599 806 οὐχ
1638 743 1801 791 ικανούς

340 831 471 857 οντας
497 809 765 869 ἦὙηο-αμενος
789 831 894 856 ειναι
921 808 1134 899 φυλακας,
1172 832 1252 856 τον
1277 810 1400 864 νόμον
1432 809 1580 856 αυτοῖς
1606 808 1797 863 ἐπεστη-

340 892 427 921 σεν·
466 880 569 932 Zc9is
594 884 750 921 auctor
774 893 869 920 cum
892 880 1021 921 sciret
1055 873 1213 921 hillis
1195 894 1242 920 m
1268 880 1370 921 locis
1394 879 1587 920 dominos
1608 893 1676 920 res
1697 892 1802 920 suas

339 946 553 987 custodire
583 960 667 986 non
688 960 825 1000 posse,
863 947 1076 987 custodem
1113 946 1241 1000 lessam
1271 946 1463 988 addidit.
1536 943 1801 985 Consuetudo

338 1010 437 1052 facti
461 1010 535 1052 etsi
570 1010 724 1065 aliquid
749 1010 932 1052 detrahit
966 1011 1018 1052 de
1042 1010 1162 1066 culpa
1186 1012 1287 1064 (non
1310 1012 1405 1053 sine
1436 1011 1606 1052 ratione
1629 1010 1801 1051 veniam

122 1088 181 1113 Lib·
194 1088 229 1113 iv·
242 1089 318 1120 Em.
339 1078 468 1127 dedit,
487 1076 619 1132 inquit
637 1076 803 1125 Plinius,
814 1078 943 1132 facto
962 1078 1090 1119 vetito
1109 1078 1291 1132 quidem,
1311 1092 1395 1118 ozon
1414 1085 1556 1119 tamen
1572 1075 1800 1128 inusitato)

337 1156 469 1196 poenae
492 1147 631 1184 tamen
654 1142 916 1184 acrimoniam
940 1156 992 1183 ex
1019 1142 1155 1198 aliqua
1178 1148 1297 1198 parte
1320 1142 1504 1198 flagitat:
1540 1141 1730 1196 quoniam
1753 1146 1801 1182 ut

119 1218 317 1275 L1bdgajll⁰
339 1208 585 1249 Saturninus
607 1207 802 1263 loquitur,
824 1209 1007 1249 nimium
1028 1210 1178 1251 multis
1201 1210 1510 1263 9rasscmtibus
1534 1222 1640 1262 opus
1668 1221 1801 1249 exem-

332 1274 408 1329 plo
431 1282 502 1316 est.
546 1272 665 1314 Sed
654 1289 696 1314 ln
714 1273 878 1328 judiciis
902 1273 1032 1330 magis
1055 1274 1169 1324 illud,
1194 1274 1237 1315 in
1260 1274 1420 1331 legibus
1443 1274 1521 1315 h'oc
1545 1271 1800 1328 sequendum

336 1345 411 1388 est,
447 1338 608 1381 ratione
636 1339 779 1380 habita
813 1339 1009 1395 temporis
1038 1354 1118 1395 quo
1152 1340 1266 1397 leges
1300 1346 1373 1381 aut
1399 1339 1553 1395 judicia
1581 1339 1798 1380 feruntur:

335 1405 433 1460 quia
454 1419 589 1461 poenae
607 1404 766 1447 utilitas
785 1405 915 1462 magis
932 1405 974 1446 in
994 1406 1304 1448 universalitate
1322 1410 1531 1462 spectatur
1549 1404 1657 1446 circa
1677 1417 1802 1460 quam

333 1477 430 1514 sunt
452 1471 592 1529 leges:
628 1471 748 1528 culpa
770 1477 909 1513 autem
933 1471 1064 1527 major
1087 1477 1160 1514 aut
1184 1471 1319 1513 minor
1343 1476 1407 1513 est
1429 1470 1472 1512 in
1495 1470 1679 1528 singulis.

122 557 183 582 Lib.
197 557 225 582 ii.
236 558 259 581 2.

391 1594 407 1615 g
428 1589 480 1617 De
494 1597 616 1626 pascuo
637 1597 731 1626 quam
753 1588 790 1617 de
811 1587 917 1626 domo]
950 1588 1033 1617 Vide

333 1638 559 1667 Maimonidem
575 1639 743 1667 Directore
758 1647 811 1668 111.
826 1639 877 1668 41.
920 1637 1031 1667 Cicero

332 1697 390 1725 pro
416 1690 512 1717 Sexto
536 1688 653 1717 Roscio
676 1688 847 1717 Amerino:
875 1691 967 1725 atque
995 1697 1033 1716 ea

331 1741 402 1766 sunt
429 1737 705 1766 animadvertenda
727 1741 862 1775 peccata
888 1737 1032 1773 mazz’me,

331 1796 397 1825 quae
411 1787 595 1826 difficillime
602 1790 830 1824 pra-caventur.
858 1786 955 1824 (Cap.
964 1786 1032 1824 40.)

391 1836 405 1855 ¹¹
427 1836 500 1865 Illis
524 1836 556 1864 in
578 1835 668 1872 locis]
699 1836 737 1864 In
759 1835 899 1864 balneis:
930 1839 1032 1864 morte

331 1886 555 1924 plectebantur
569 1884 705 1913 Athenis
725 1884 810 1912 fures
824 1884 984 1919 balnearii‚
1007 1885 1032 1912 si

332 1935 499 1964 {estimatio
521 1937 603 1964 esset
620 1933 720 1972 major
737 1934 845 1962 decem
866 1934 1032 1964 drachmis.

332 1985 564 2015 Demosthenes
578 1987 687 2013 contra
702 1983 916 2012 Timocratem.
938 1984 1032 2013 Adde

331 2035 394 2065 l.].
409 2035 452 2064 D.
468 2034 644 2072 defuribus
659 2033 841 2062 balneariis.
877 2033 957 2071 [Lex
973 2034 1030 2062 So-

332 2086 414 2115 lonis
434 2088 539 2115 exstat
558 2093 634 2123 pag.
653 2084 711 2114 476
727 2092 757 2113 c.
782 2084 946 2113 Orationis
965 2084 1032 2113 De-

332 2135 556 2164 mosthenicae:
578 2134 632 2163 sed
652 2134 684 2162 in
704 2133 758 2162 illa
779 2134 884 2171 agitur
906 2136 1031 2163 tantum

334 2185 373 2214 de
387 2185 425 2214 iis
444 2185 498 2224 qui
519 2184 709 2214 furabantur
724 2183 757 2212 in
774 2184 954 2222 Gymnasiis
976 2187 1033 2215 aut

1100 1588 1271 1618 Portubus.
1304 1587 1452 1616 Diximus
1466 1586 1559 1625 plura
1572 1586 1604 1615 in
1616 1585 1710 1615 Notis
1723 1585 1801 1615 Gal.

1100 1637 1179 1666 licis.
1221 1637 1255 1666 J.
1271 1636 1330 1675 R]

1160 1687 1167 1708 i
1190 1687 1357 1726 Supplicia
1378 1686 1497 1716 meritis
1516 1684 1656 1724 minora]
1680 1685 1800 1715 Justin.

1101 1746 1140 1767 11.
1167 1737 1293 1766 Hunnis
1318 1737 1466 1773 scribens,
1493 1735 1666 1773 Ῥωμαίοις
1691 1734 1801 1764 ἔνεστι

1100 1787 1144 1823 μή
1170 1786 1371 1816 ἀντιτιθέναι
1401 1786 1462 1815 τάς
1485 1786 1647 1823 τιμωρίας
1669 1783 1800 1822 ἶσοῤῥό-

1099 1848 1181 1866 ’πους
1194 1841 1267 1866 τοῖς
1281 1836 1557 1875 πλημμελήμασι·
1572 1836 1726 1865 Romanis
1736 1844 1802 1864 mos

1100 1886 1151 1914 hic
1170 1890 1223 1921 cst,
1244 1895 1304 1914 non
1324 1886 1470 1924 irroyare
1485 1894 1597 1923 pamas
1610 1894 1708 1923 pares
1726 1893 1799 1922 pee-

1100 1937 1236 1965 cantz‘um
1257 1936 1375 1964 merito.
1421 1936 1478 1974 [In
1498 1936 1630 1974 Ecloqis
1649 1935 1799 1974 Leqatio-

1099 1995 1179 2021 num,
1193 1995 1231 2014 ex
1246 1985 1422 2014 Menandro
1433 1986 1630 2020 Protectore,
1643 1994 1719 2023 pag.
1729 1986 1797 2014 131.

1098 2035 1164 2065 Ed.
1180 2035 1334 2064 IIoesclzel.
1357 2035 1411 2064 ubi
1436 2035 1584 2064 Justinus
1606 2044 1669 2063 non
1689 2035 1799 2064 scribit

1099 2084 1236 2121 Hunm's,
1267 2085 1321 2114 sed
1343 2094 1481 2122 praesens
1504 2084 1646 2122 quuitur
1667 2083 1798 2122 Legatis

1099 2135 1215 2173 Bajani
1229 2135 1327 2172 Regis
1341 2134 1499 2164 Avarum.
1538 2134 1573 2163 J.
1585 2133 1641 2172 B.]

1160 2184 1172 2202 ⁵
1193 2184 1315 2214 Nullibi
1346 2187 1450 2214 exstat
1476 2183 1550 2213 talis
1576 2183 1734 2213 sententia
1764 2183 1798 2212 in

403 2355 568 2390 XXXV.
622 2355 681 2389 On
707 2359 864 2390 account
885 2355 929 2389 of
952 2355 1016 2390 the
1026 2355 1186 2403 facility,
1212 2354 1276 2390 the
1299 2354 1421 2389 divine
1448 2354 1518 2388 law
1544 2353 1652 2399 given
1673 2356 1712 2388 to
1731 2353 1797 2388 the

335 2411 512 2447 Hebrews
536 2412 711 2458 punishes
733 2423 836 2447 more
867 2412 1014 2458 heavily
1041 2412 1139 2447 theft
1160 2412 1260 2447 from
1285 2411 1349 2446 the
1373 2411 1462 2446 field
1487 2410 1578 2446 than
1608 2410 1706 2445 from
1731 2410 1797 2445 the

333 2468 450 2504 house
464 2482 472 2510 3
493 2469 611 2504 Exod.
630 2469 713 2503 xxii.
729 2473 746 2502 1
765 2469 837 2503 and
853 2471 884 2505 7.
926 2470 975 2504 So
991 2470 1016 2504 J
1019 2470 1116 2504 ustin
1133 2480 1215 2515 says
1230 2469 1295 2503 the
1313 2468 1509 2514 Scythians
1526 2472 1683 2502 account
1698 2467 1797 2502 theft

333 2537 356 2560 a
372 2530 469 2561 most
489 2526 644 2561 heinous
661 2526 786 2567 crime,
806 2527 846 2560 in
866 2537 1119 2573 consequence
1139 2527 1181 2561 of
1197 2527 1244 2561 its
1264 2525 1406 2572 facility
1426 2536 1562 2571 among
1577 2524 1675 2559 their
1690 2524 1798 2559 unin-

333 2583 458 2618 closed
477 2583 599 2618 herds.
649 2583 698 2618 So
719 2583 907 2618 Aristotle.

406 2640 486 2674 The
508 2647 640 2675 custom
657 2640 700 2674 of
712 2651 760 2674 an
776 2644 848 2680 act,
866 2639 1009 2686 though
1024 2641 1054 2675 it
1071 2639 1255 2675 subtracts
1281 2639 1491 2684 something
1505 2638 1603 2674 from
1619 2637 1684 2674 the
1700 2638 1798 2673 fault

336 2694 393 2737 (so
413 2696 553 2743 Pliny),
578 2702 640 2743 yet
665 2708 713 2732 on
734 2708 805 2732 one
830 2697 909 2732 side
926 2698 954 2732 it
975 2697 1154 2732 demands
1175 2697 1349 2743 severity,
1365 2700 1404 2732 to
1424 2699 1524 2731 meet
1550 2695 1614 2730 the
1638 2694 1797 2741 prevail-

336 2752 400 2797 ing
415 2754 497 2788 evil.
544 2755 620 2789 But
640 2755 678 2788 in
698 2755 900 2800 particular
911 2754 1138 2800 judgments,
1151 2765 1205 2789 we
1221 2758 1320 2788 must
1336 2765 1438 2788 more
1458 2753 1543 2788 lean
1559 2756 1598 2787 to
1615 2752 1797 2797 leniency,

336 2808 375 2841 in
397 2810 546 2855 making
566 2811 662 2852 laws,
682 2815 721 2846 to
737 2812 895 2857 severity
912 2824 922 2853 ;
940 2811 1069 2857 taking
1089 2815 1247 2846 account
1260 2810 1303 2845 of
1317 2810 1381 2845 the
1399 2811 1490 2845 time
1505 2809 1612 2843 when
1628 2808 1692 2842 the
1709 2808 1797 2842 lavvs

337 2874 381 2898 or
401 2864 463 2898 the
479 2866 693 2911 judgments
710 2879 773 2903 are
793 2868 991 2910 delivered,
1010 2868 1168 2904 because
1187 2867 1252 2902 the
1272 2867 1398 2913 utility
1417 2867 1460 2901 of
1476 2866 1539 2901 the
1555 2863 1796 2911 punishment
