2018 3204
220 199 311 235 CAP.
330 198 399 243 X.]
432 200 500 234 DE
522 199 868 235 OBLIGATIONE
891 199 1011 241 QUAE
1033 199 1104 234 EX
1124 199 1350 235 DOMINIO
1373 199 1577 235 ORITUR.
1623 194 1676 235 19

220 306 564 363 comprehendam
604 305 727 347 etiam
760 305 829 362 jus
863 305 906 347 in
940 318 1149 362 personas,
1186 319 1269 361 qua
1303 305 1404 348 utile
1439 306 1557 349 nobis
1587 320 1676 349 esse

218 374 371 428 potest)
402 377 476 414 aut
505 385 589 412 non
623 371 889 413 exstantibus.

319 438 346 479 2
392 438 428 478 Ε
452 436 576 478 rebus
599 437 854 478 exstantibus
877 435 1071 493 obligatio
1101 436 1189 478 haeo
1217 436 1411 486 nascitur,
1436 450 1519 492 qua
1541 438 1678 479 atene-

217 507 287 544 tur
309 501 356 552 is,
393 501 464 557 qui
486 516 574 543 rem
597 506 780 543 nostram
803 502 931 544 habet
953 502 995 543 in
1023 516 1098 543 sua
1119 507 1337 558 potestate,
1369 502 1528 544 efficere
1551 516 1679 558 quan-

218 572 306 609 tum
329 566 372 608 in
394 581 438 609 se
461 572 540 621 est,
576 572 623 609 ut
643 566 685 608 in
705 572 888 609 nostram
912 572 1158 622 potestatem
1178 567 1329 610 veniat.
1401 568 1612 617 Quantum
1634 567 1678 608 in

216 646 262 675 se
292 637 366 682 est,
402 632 518 682 dico3
554 647 687 688 neque
719 632 825 674 enim
857 632 1065 690 obligatur
1092 633 1147 674 ad
1174 632 1434 688 impossibile,
1463 647 1597 689 neque
1623 632 1678 674 ad

217 697 471 740 reddendam
501 713 589 740 rem
620 697 703 740 suis
725 697 943 753 impensis:
979 698 1051 739 sed
1074 697 1257 740 indicare
1287 703 1465 747 tenetur,
1500 704 1548 740 ut
1570 697 1677 740 alter

217 763 402 819 recipere
425 779 541 806 suum
564 763 701 820 possit.
763 764 872 804 Nam
902 762 1005 804 siout
1026 763 1070 803 in
1099 777 1237 804 rerum
1262 763 1534 804 communium
1564 768 1677 804 statu

217 828 476 871 observanda
510 835 602 871 erat
629 828 840 884 aequalitas
863 827 1063 883 quaedam‚
1100 833 1146 869 ut
1166 827 1261 869 huic
1291 842 1373 868 non
1395 828 1528 868 minus
1554 841 1678 882 quam

216 893 338 935 alteri
371 894 495 936 rebus
529 893 807 936 communibus
847 893 906 934 uti
940 892 1105 941 liceret3
1141 891 1201 934 ita
1231 892 1465 934 introducto
1500 891 1678 934 dominio

217 958 306 1000 haeo
339 959 479 1016 ²quasi
508 959 679 1002 societas
712 958 820 1000 inter
847 957 1032 1000 dominos
1062 963 1273 999 contracta
1305 963 1381 1008 est,
1416 962 1463 1000 ut
1493 957 1564 1013 qui
1588 972 1678 999 rem

978 1075 1146 1110 recesserit,
1161 1076 1232 1103 tunc
1242 1074 1333 1103 malce
1336 1074 1420 1112 fidei
1428 1083 1591 1112 possessor
1598 1084 1675 1113 per-

979 1123 1110 1160 hibetur,
1124 1127 1195 1153 tunc
1206 1123 1292 1160 juste
1306 1123 1439 1159 injustus
1446 1133 1608 1161 possessor
1622 1134 1675 1152 vo-

979 1173 1113 1201 cabitur.
1153 1172 1298 1201 Pertinet
1325 1172 1386 1201 huc
1408 1175 1440 1201 et
1460 1173 1512 1201 lex
1531 1173 1676 1211 Wisigo-

217 1076 248 1105 oi.
275 1077 351 1106 τοὺς
370 1075 589 1114 ἁρπάσαντας
612 1075 666 1104 καὶ
686 1074 912 1113 ἀφελομένους

216 1126 371 1163 ἀφέντες,
385 1126 524 1154 ἐκείνους
537 1124 725 1153 κελεύουσιν
739 1124 911 1161 ἀπαιτεῖν,

216 1174 296 1212 παρ’
311 1174 360 1203 οἶς
376 1174 416 1203 ἂν
431 1175 516 1211 εὕροι
530 1185 583 1202 τις
597 1172 641 1202 τά
663 1173 764 1201 αὐτοῦ
782 1172 913 1209 κείμενα

218 1223 366 1254 ἅπαντα.
407 1223 479 1252 Hoc
500 1226 528 1252 et
548 1222 652 1252 soeculi
672 1222 811 1260 probant
832 1221 913 1260 loyes

215 1281 280 1311 quae
300 1272 360 1308 jus
385 1272 472 1300 nobis
490 1271 630 1309 faciunt,
653 1271 763 1299 omisso
785 1274 913 1308 raptore

215 1321 364 1360 autfure,
378 1331 428 1351 eos
442 1321 626 1359 compellare
645 1319 701 1359 qui
720 1329 770 1349 res
789 1323 913 1349 nostras

217 1372 444 1410 qualescunque
464 1381 507 1401 eoe
525 1371 588 1400 sint
603 1374 710 1400 tenent.
733 1370 841 1408 (Tom.
858 1379 911 1399 111.

216 1431 292 1461 pag.
313 1423 381 1451 338.
405 1421 470 1451 Ed.
496 1420 614 1459 Savil.)
639 1420 848 1459 Hieronymus
871 1420 916 1448 od

217 1471 410 1500 Leviticum:
445 1470 544 1500 Multi
566 1470 632 1499 sine
646 1472 776 1508 peccato
798 1472 913 1507 putant

217 1529 290 1556 esse,
303 1521 332 1549 si
346 1520 481 1549 alienum
495 1519 579 1558 quod
595 1519 764 1547 invenerint
783 1522 913 1554 teneant,

214 1573 243 1600 et
257 1570 362 1599 dicunt
374 1579 384 1598 .·
406 1569 495 1598 Deus
509 1568 586 1597 mihi
604 1568 698 1597 dedit.
735 1567 793 1596 Cui
816 1567 912 1595 habeo

214 1619 343 1648 reddere
355 1618 369 1647 Ρ
398 1618 545 1654 Discunt,
566 1617 622 1645 hoc
637 1619 798 1653 peccatum
813 1615 913 1644 simile

216 1677 280 1697 esse
293 1667 421 1704 rapina,
439 1666 468 1694 si
492 1665 561 1703 quis
574 1665 696 1693 inventa
709 1674 769 1692 non
788 1663 910 1693 reddat.

215 1716 277 1755 [At
298 1716 386 1744 locus
408 1715 460 1743 ille
485 1722 547 1742 non
571 1717 619 1742 est
642 1713 834 1750 Hieronymi,
857 1712 911 1741 sed

217 1764 375 1803 Origenis,
395 1773 434 1793 ex
454 1763 549 1793 Hom.
565 1771 614 1792 iv.
629 1762 662 1791 in
683 1772 752 1800 cap.
767 1762 795 1792 6.
811 1762 910 1792 Levit.

215 1814 299 1842 unde
314 1822 420 1842 versus
435 1815 500 1848 est3
520 1815 557 1841 ut
577 1812 608 1840 in
624 1811 772 1840 Editione
787 1811 910 1840 Pithoe-

215 1872 277 1892 ana.
300 1861 450 1900 Corporis
471 1860 560 1890 Juris
583 1860 736 1890 Canonici
764 1861 909 1889 observa-

217 1914 295 1942 tum.
315 1911 350 1941 J.
364 1911 421 1949 B.]
450 1910 651 1948 Augustinus
667 1911 817 1939 Sermone
832 1919 909 1939 xix.

214 1962 251 1991 de
266 1961 370 1991 Verbis
383 1961 526 1999 Apostoli
538 1970 548 1989 .·
573 1959 609 1989 Si
628 1959 706 1998 quid
718 1959 864 1988 invenisti
883 1963 911 1989 et

213 2020 273 2040 non
289 2010 464 2046 reddidisti,
483 2009 629 2047 rapuisti.
671 2009 812 2038 Deinde:
848 2008 911 2046 Qui

215 2060 349 2089 alienum
376 2062 478 2097 neyat,
513 2058 542 2086 si
574 2060 681 2096 posset
714 2061 742 2086 et
780 2057 910 2087 tolleret.

214 2109 392 2147 Utrumque
418 2108 589 2138 Gratianus
612 2107 722 2136 retulit
749 2107 780 2135 in
809 2116 910 2136 eausae

211 2167 286 2189 xiv.
307 2159 511 2197 quaestionem
525 2167 557 2188 v.
580 2157 658 2187 Can.
674 2157 702 2186 6.
719 2160 752 2186 et
765 2158 794 2186 8.
820 2157 910 2186 Idem

214 2209 415 2248 Augustinus
437 2208 474 2237 de
492 2207 574 2237 Fide
596 2210 624 2237 et
649 2207 802 2245 Operibus
824 2207 909 2246 (cap.

214 2259 264 2297 7):
286 2259 375 2289 Sicut
385 2258 461 2295 jure
469 2258 665 2296 proediorum
684 2257 803 2285 tamdiu
824 2257 909 2295 quis-

213 2319 271 2348 que
284 2309 369 2338 bonoe
377 2308 461 2345 fidei
468 2317 631 2346 possessor
644 2307 811 2336 rectissime
831 2306 910 2336 dici-

214 2363 274 2396 tur,
286 2359 434 2398 quamdiu
454 2367 486 2387 se
500 2357 664 2396 possidere
686 2356 812 2395 iqnomt
833 2356 911 2385 alie-

213 2419 308 2439 num:
339 2417 409 2438 cum
435 2417 506 2437 vero
530 2407 644 2443 scierit,
665 2415 719 2435 nec
743 2405 782 2435 ab
808 2406 910 2435 alieno

979 1221 1106 1250 thorum
1127 1221 1197 1251 Lib.
1214 1231 1264 1252 lx.
1285 1222 1334 1251 tit.
1350 1224 1377 1251 1.
1397 1232 1424 1251 e.
1440 1222 1468 1252 9.
1512 1222 1674 1251 Interdum

978 1280 1052 1299 vero
1067 1271 1107 1299 ob
1120 1280 1228 1300 causas
1242 1280 1353 1309 graves
1366 1271 1418 1300 lex
1433 1271 1530 1300 civilis
1541 1271 1678 1300 intendit

978 1323 1138 1358 augetque
1153 1321 1233 1349 hanc
1248 1321 1529 1359 obligationem,ut
1540 1322 1571 1349 in
1587 1330 1677 1350 servo

977 1370 1113 1408 fugitivo
1140 1370 1193 1399 lex
1213 1370 1419 1409 Burgundica
1439 1371 1496 1400 lib.
1517 1379 1541 1401 Ι.
1564 1371 1613 1399 tit.
1636 1370 1677 1400 vi.

978 1419 1069 1448 Bona
1083 1429 1153 1457 quae
1169 1420 1303 1449 dominis
1317 1429 1374 1458 per
1388 1420 1532 1458 injuriam
1547 1420 1674 1449 ademe-

977 1471 1028 1496 rat
1055 1468 1267 1504 Domitianus‚
1294 1469 1400 1498 Nerva
1421 1470 1545 1498 restitui
1567 1469 1673 1507 jussit.

978 1517 1085 1546 Habet
1105 1518 1137 1546 id
1159 1518 1344 1555 Xiphilinus
1366 1520 1459 1557 (pag.
1480 1520 1539 1548 240
1556 1527 1586 1548 c.
1608 1519 1674 1549 Ed.

977 1565 1021 1595 II.
1049 1566 1172 1605 Steplz.)
1207 1567 1304 1605 Apud
1329 1568 1519 1606 Procopium
1549 1568 1674 1598 Gottlzi-

979 1625 1082 1645 corum
1098 1625 1134 1645 11.
1163 1617 1366 1646 Belisarius:
1394 1618 1483 1655 οἶμαι
1512 1617 1537 1647 δ’
1566 1617 1676 1656 ἔγωγε

977 1665 1040 1694 τόν
1060 1677 1101 1694 τε·
1121 1666 1333 1703 βιασάμενον,
1355 1667 1408 1695 καὶ
1426 1667 1458 1696 ὃς
1481 1667 1520 1696 ἂν
1541 1667 1587 1696 τά
1613 1668 1675 1696 τοῦ

978 1714 1085 1743 πέλας
1101 1714 1254 1744 ἑκουσίως
1268 1715 1311 1751 μή
1322 1715 1479 1754 α’ποόιὸᾦ,
1493 1716 1554 1745 τὸν
1572 1717 1676 1746 αὐτὸν

977 1761 1059 1791 ἑκών
1074 1773 1114 1801 γε
1136 1764 1228 1792 εἶναι.
1272 1763 1360 1792 Mihi
1380 1765 1426 1793 ita
1447 1765 1519 1794 libet
1540 1766 1675 1802 credere,

972 1812 1052 1849 pari
1065 1813 1131 1842 loco
1145 1822 1209 1842 esse
1222 1822 1271 1841 res
1285 1814 1406 1843 alienos
1419 1818 1525 1852 sponte
1544 1816 1676 1845 retinen-

977 1865 1044 1898 tem,
1082 1866 1111 1892 et
1137 1872 1198 1892 non
1225 1864 1407 1901 reddentem,
1436 1875 1503 1895 cum
1535 1869 1676 1904 raptore.

977 1911 1068 1950 (Cap.
1081 1912 1125 1950 6.)

1036 1961 1049 1978 2
1070 1961 1198 1990 Nullam
1227 1962 1420 2000 societatem,
1448 1964 1571 1994 nullum
1600 1974 1675 2004 pac-

977 2013 1056 2046 tum,
1069 2011 1138 2039 heic
1154 2011 1332 2050 intelligere
1346 2022 1473 2042 neeesse
1492 2016 1549 2043 est.
1593 2014 1675 2044 Vide

977 2069 1047 2098 quae
1068 2061 1126 2088 hac
1148 2061 1187 2089 de
1210 2069 1254 2096 re,
1271 2061 1364 2090 simul
1384 2065 1416 2091 et
1437 2063 1475 2091 de
1493 2066 1561 2092 toto
1578 2073 1675 2102 argu-

977 2113 1085 2138 mento
1106 2110 1196 2139 istius
1221 2111 1353 2149 Capitis,
1382 2112 1517 2141 diximus
1540 2113 1572 2141 in
1593 2114 1677 2142 notis

977 2160 1016 2188 ad
1044 2160 1337 2196 Pcrnxnonrimr,
1363 2161 1416 2190 De
1439 2162 1523 2191 Jure
1542 2163 1620 2192 Nat.
1647 2167 1675 2193 et

980 2210 1069 2239 Gent.
1085 2209 1156 2238 Lib.
1171 2218 1218 2239 lv.
1234 2219 1301 2247 cap.
1317 2210 1382 2239 xiii.
1405 2211 1534 2240 alterius
1549 2211 1673 2241 Editio-

976 2259 1034 2294 nis,
1056 2258 1109 2287 ubi
1125 2259 1230 2287 omnia
1243 2260 1419 2289 accuratius
1437 2261 1602 2299 exsequuti
1621 2271 1674 2291 su-

976 2317 1056 2345 muS,
1081 2316 1173 2345 quam
1198 2308 1230 2336 in
1257 2309 1359 2347 prima
1382 2309 1543 2346 Editione‚
1568 2313 1610 2347 et,
1638 2314 1675 2340 ut

976 2361 1134 2395 putamus,
1160 2367 1254 2396 quam
1279 2359 1318 2387 ab
1342 2359 1407 2388 ullo
1429 2359 1532 2389 adhuc
1553 2359 1672 2389 factum

976 2407 1091 2437 fuerat.
1132 2407 1219 2437 J.B.

292 2575 314 2605 2
348 2573 461 2607 From
480 2573 604 2618 things
625 2576 762 2614 extant,
782 2574 855 2608 this
876 2573 1079 2619 obligation
1099 2574 1233 2616 arises3
1263 2573 1345 2608 that
1368 2573 1416 2607 hc
1446 2572 1528 2606 who
1557 2571 1624 2606 has
1654 2583 1677 2606 a

216 2627 322 2673 thing
342 2628 385 2662 of
402 2629 500 2663 mine
521 2629 560 2662 in
579 2629 635 2664 his
652 2641 776 2674 power
798 2631 828 2664 is
847 2630 975 2664 bound
992 2635 1031 2664 to
1053 2630 1100 2664 do
1121 2641 1161 2665 so
1183 2642 1222 2664 as
1247 2629 1358 2663 much
1379 2640 1418 2663 as
1438 2628 1486 2663 he
1507 2639 1577 2663 can
1593 2628 1677 2663 that

214 2684 245 2718 it
266 2695 350 2729 may
370 2695 474 2719 come
495 2685 573 2719 into
594 2696 655 2730 my
672 2696 805 2730 power.
854 2686 873 2720 Ι
894 2697 968 2731 say,
985 2697 1024 2720 as
1046 2686 1156 2720 much
1177 2697 1215 2720 as
1231 2685 1280 2719 he
1301 2696 1389 2719 can:
1416 2685 1475 2719 for
1495 2684 1542 2719 hc
1562 2685 1592 2719 is
1608 2688 1676 2719 not

215 2740 363 2786 obliged
379 2744 417 2775 to
434 2740 531 2774 what
551 2741 581 2774 is
598 2741 821 2786 impossible,
838 2752 906 2775 nor
919 2746 957 2775 to
975 2746 1114 2776 restore
1127 2741 1191 2776 the
1208 2741 1314 2786 thing
1334 2746 1372 2776 to
1390 2752 1449 2776 me
1466 2746 1505 2776 at
1520 2741 1576 2776 his
1594 2752 1676 2776 own

215 2807 399 2842 expense;
429 2797 497 2831 but
523 2796 571 2831 he
592 2797 621 2831 is
650 2797 777 2831 bound
798 2801 837 2831 to
867 2797 1028 2832 indicate
1055 2799 1096 2839 it,
1116 2797 1197 2832 that
1227 2797 1383 2832 another
1411 2809 1496 2844 may
1525 2809 1677 2833 recovcr

215 2852 314 2888 what
339 2853 368 2887 is
388 2853 456 2887 his.
505 2853 579 2887 For
609 2864 647 2887 as
668 2854 706 2887 in
732 2852 795 2887 tho
820 2857 915 2888 stato
937 2854 980 2888 of
997 2855 1225 2900 community
1255 2854 1297 2889 of
1318 2854 1452 2900 things,
1483 2866 1505 2889 a
1535 2855 1676 2889 certain

215 2909 379 2956 equality
399 2921 502 2945 came
523 2914 562 2945 to
582 2910 629 2946 be
653 2910 843 2952 observcd,
871 2921 911 2946 so
932 2910 1013 2946 that
1034 2921 1104 2947 one
1121 2911 1239 2957 might
1259 2911 1305 2947 bc
1326 2911 1409 2947 able
1429 2915 1468 2946 to
1485 2922 1550 2946 use
1569 2910 1676 2946 those

1422 2977 1540 3017 2-2
