2018 3204
99 175 187 211 cip.
207 174 332 218 xm]
583 175 650 210 DE
681 176 908 211 JUREJUR
916 174 1065 211 ANDO.
1474 170 1555 214 107

97 284 207 326 Nam
230 283 344 340 prius
375 286 438 326 ναὶ
468 287 510 326 et
544 281 591 326 οὗ
624 283 867 339 promissum
899 283 1114 341 significat,
1145 284 1350 340 posterius
1372 285 1458 339 ejus
1481 283 1554 325 im-

97 349 360 406 plementum.
429 350 507 391 Est
544 347 650 390 enim
685 348 750 392 ναὶ
774 349 1076 405 promittentis:
1108 349 1218 391 unde
1241 364 1317 406 per
1351 348 1459 403 ἀμήν
1483 364 1555 390 ex-

96 413 274 470 plicatur
308 415 434 471 Apoc.
473 413 501 458 i.
541 413 580 463 7,
617 415 872 470 eundemque
912 429 1074 456 sensum
1112 415 1240 457 habet
1273 417 1382 470 quod
1417 415 1482 456 hic
1513 415 1555 456 in

99 483 272 541 Syriaco
295 490 369 534 est,
393 493 454 539 ΓΝ
477 483 730 540 respondens
754 483 980 526 Rabbinico
1015 493 1076 539 ΓΠ
1115 490 1158 528 et
1186 485 1405 528 Arabicum
1445 479 1553 567 ,ξς-3,

97 565 300 620 quomodo
323 565 433 621 apud
461 565 772 621 jurisconsultos
803 567 1012 608 Romanos
1043 564 1281 617 μάλιστα3,
1307 573 1349 610 et
1373 569 1553 624 quidni?

95 635 204 672 notae
221 636 317 672 sunt
334 630 620 686 respondentis
642 631 696 672 ad
719 631 1036 684 stipulationem.
1073 633 1155 674 Pro
1179 632 1440 688 implemento
1462 650 1556 691 pro-

96 695 296 738 missionis
334 696 508 737 sumitur
547 696 659 751 apud
696 697 869 737 Paulum
908 698 934 736 2
978 696 1164 739 Corinth.
1203 698 1227 738 i.
1268 699 1337 747 20,
1371 714 1460 741 eum
1496 701 1556 743 ait

96 761 233 803 omnia
268 760 349 802 Dei
385 760 585 817 promissa
624 761 667 802 in
715 761 879 803 Christo
916 775 1004 802 esse
1047 762 1110 805 ναὶ
1151 762 1221 805 καὶ
1257 760 1374 815 ἁμήν.
1444 765 1554 807 Hinc

95 832 214 868 vetus
243 826 523 869 Hebraeorum
551 826 715 876 dictum,
741 828 876 881 ‘¹justi
902 827 1087 869 hominis
1118 827 1183 870 ναὶ
1208 835 1269 869 cst
1302 827 1379 877 ναὶ,
1405 838 1444 871 et
1472 845 1555 872 ηοη

94 900 156 934 est
187 907 284 935 non.

186 959 214 999 3
262 958 430 1006 Contra,
456 972 630 1013 quorum
654 957 764 998 facta
786 970 811 997 a
835 955 952 998 dictis
974 956 1219 1014 discrepant,
1240 959 1351 1014 apud
1375 974 1445 1002 eos
1466 975 1555 1003 esse

95 1022 247 1065 dicitur
271 1022 335 1066 rai
373 1023 441 1067 καὶ
477 1020 540 1072 ου’,
576 1024 602 1063 2
636 1022 822 1064 Corinth.
855 1021 881 1063 i.
910 1023 980 1071 18,
1009 1024 1079 1071 19,
1116 1023 1158 1065 id
1195 1030 1269 1073 est,
1311 1029 1374 1068 ναὶ
1411 1041 1554 1068 eorum

95 1103 184 1130 esse
207 1086 270 1140 ου’,
296 1094 338 1130 et
365 1086 413 1132 ου’
438 1103 526 1130 esse
558 1086 634 1131 ναὶ.
705 1087 771 1128 Sic
806 1086 958 1128 Paulus
992 1088 1210 1143 Apostolus
1241 1089 1328 1145 ipsc
1360 1092 1553 1147 exponit:

93 1168 189 1195 nam
233 1169 324 1195 cum
361 1158 551 1211 negasset
588 1167 632 1195 se
668 1150 855 1212 ἐλαθρίᾳ
893 1150 1162 1212 χρήσασθαι,
1206 1155 1376 1199 levitate
1413 1172 1550 1208 usum,

95 1219 214 1261 addit
236 1233 465 1261 sermonem
495 1233 613 1260 suum
643 1232 724 1259 non
748 1218 871 1259 fuisse
904 1217 967 1261 ναὶ
1005 1218 1074 1261 καὶ
1110 1218 1173 1263 ου’.
1244 1222 1392 1263 Festus
1418 1223 1553 1264 varias

93 1284 279 1327 referens
301 1283 526 1326 sententias
549 1284 601 1326 de
624 1283 920 1340 significatione
945 1283 1054 1325 vocis
1077 1300 1277 1335 naucum,
1303 1287 1359 1328 sic
1383 1288 1548 1330 scribit:

94 1351 274 1406 quidam
298 1350 446 1404 (aiunt)
477 1365 527 1392 ex
547 1364 687 1404 yroeco
711 1348 804 1392 υναὶ
833 1347 897 1391 καὶ
928 1346 1027 1409 ου’χὶ
1067 1351 1194 1392 levem.
1226 1353 1435 1394 hominem
1467 1356 1553 1408 32⁶9-

93 1417 280 1471 mficari.
354 1416 474 1466 Quod
507 1415 541 1456 si
577 1414 642 1459 ναὶ
680 1413 749 1458 καὶ
785 1412 832 1457 οὐ
866 1414 1077 1456 levitatem
1111 1415 1327 1473 significat,
1353 1418 1551 1474 sequitur,

95 1479 160 1524 ναὶ
186 1481 264 1533 ναὶ,
290 1478 336 1525 οὐ
363 1478 426 1530 οὐ,
452 1481 721 1523 constantiam
742 1479 953 1536 significet.

194 1549 223 1588 4
269 1547 385 1588 Idem
409 1561 510 1603 ergo
535 1545 632 1587 dicit
663 1545 852 1586 Christus
876 1545 985 1600 quod
1008 1545 1179 1588 XPhilo:
1217 1545 1460 1592 κάλλιστον
1483 1547 1551 1592 καὶ

94 1610 471 1672 βιωφελέστατον
503 1611 569 1654 καὶ
602 1609 829 1668 ἁρμόττον
865 1613 1029 1670 λογικῇ
1062 1609 1198 1671 φύσει
1234 1612 1288 1655 τὸ
1320 1611 1552 1666 ἀνώμοτον,

96 1675 230 1724 οὕτως
274 1675 499 1728 ἀληθεύειν
542 1673 616 1736 ἐφ’
659 1673 850 1719 ἑκάστου
899 1671 1194 1740 δεδιδαγμένῃ,
1241 1676 1291 1724 ὠς
1339 1678 1440 1726 τούς
1480 1678 1555 1723 λό-

96 1761 201 1800 ’γους
237 1742 381 1802 ὅρκους
419 1744 525 1786 εἶναι
564 1738 829 1801 νομίζεσθαι·
874 1743 1093 1798 Optimum
1117 1751 1245 1798 atque
1275 1745 1556 1787 utilissimum

92 1817 132 1850 et
164 1809 378 1850 rationali
410 1816 581 1849 natm-ce
617 1808 1059 1849 convenientissimum
1091 1816 1151 1848 est
1175 1809 1423 1862 juramento
1461 1813 1555 1853 abs-

152 1914 166 1932 ⁴
180 1913 442 1952 Reperiturapud
453 1911 787 1947 chronr1c›1‚Flo-
858 1920 1000 1941 merum:
1022 1912 1052 1940 id
1075 1912 1157 1941 enim
1179 1913 1220 1942 ad
1240 1923 1347 1943 vocem
1369 1916 1461 1945 nauci
1481 1925 1556 1954 pro-

91 1965 180 2003 rileq.
196 1972 270 2002 pag.
284 1963 352 1993 329.
395 1962 430 1991 J.
446 1963 487 1991 B.
856 1962 926 1999 pius
941 1962 1070 1991 accedit.

151 2019 164 2034 ¹¹
186 2014 251 2043 Ναὶ
272 2013 324 2042 καὶ
346 2012 436 2050 οὐχὶ]
465 2012 564 2041 Recte
578 2011 608 2039 in
625 2011 684 2039 hoc
699 2010 787 2039 Festi
913 2017 928 2032 x
950 2011 1062 2050 Philo]
1085 2012 1134 2041 De
1149 2013 1312 2053 decalogo.

90 2063 161 2093 loco
175 2062 336 2101 scripseris
356 2061 436 2098 οὐκὶ,
450 2064 486 2090 ut
507 2069 590 2098 saepe
610 2060 695 2098 apud
718 2060 786 2088 110-

90 2201 168 2236 tain
188 2200 325 2236 future.
374 2201 462 2236 This
493 2201 632 2247 plainly
659 2212 816 2247 appears
847 2202 883 2235 in
905 2202 968 2236 the
994 2202 1111 2237 words
1137 2202 1179 2236 of
1200 2201 1333 2242 Christ,
1355 2202 1490 2236 Matth.
1509 2215 1552 2238 v:

91 2258 165 2292 and
181 2259 219 2292 in
235 2258 300 2292 the
316 2269 448 2293 reason
465 2258 583 2292 which
603 2259 646 2293 St
662 2259 788 2293 James
805 2258 908 2299 adds,
924 2271 955 2292 v.
971 2263 1025 2300 12,
1040 2259 1098 2293 lest
1111 2259 1236 2304 yeflcll
1255 2259 1328 2292 into
1345 2260 1555 2294 condemna-

91 2315 174 2356 tion,
194 2315 384 2359 ὑπόκρισιν,
400 2316 442 2356 is,
459 2316 518 2350 lest
534 2327 577 2361 με
593 2317 629 2350 be
638 2316 987 2360 fozmdfizllaciozts.
1041 2316 1112 2350 Sco
1133 2315 1197 2350 tho
1214 2326 1398 2360 passages.

165 2376 186 2405 2
216 2371 296 2406 The
316 2383 415 2406 same
436 2373 465 2407 is
482 2372 619 2418 proved
648 2372 696 2417 by
720 2372 781 2406 tho
805 2372 922 2406 words
944 2373 986 2406 of
1005 2373 1139 2413 Christ,
1165 2373 1230 2407 Let
1255 2384 1350 2417 your
1371 2374 1487 2407 words
1517 2375 1553 2408 be

91 2439 168 2473 θρα,
185 2439 262 2473 yea,
279 2429 354 2461 and
369 2440 452 2473 nay,
468 2441 562 2473 my.-
584 2428 703 2463 which
727 2429 771 2463 St
788 2429 913 2463 James
935 2430 1111 2474 explains,
1132 2430 1197 2463 Lot
1214 2441 1309 2473 your
1325 2440 1393 2473 μαι
1416 2431 1451 2463 bc
1472 2442 1552 2473 plcet,

95 2485 170 2518 and
190 2496 284 2529 your
307 2496 390 2530 παρ,
411 2497 505 2530 way:
532 2486 613 2519 that
631 2486 670 2526 is,
691 2486 742 2520 let
768 2496 861 2531 your
877 2498 944 2530 γοα
962 2497 1070 2520 moun
1088 2497 1109 2519 a
1130 2487 1271 2520 sincero
1290 2490 1454 2527 consent,
1479 2487 1553 2521 and

95 2552 188 2586 your
207 2552 280 2585 way
296 2551 318 2574 a
334 2541 495 2575 resoluto
512 2541 660 2576 refusal.
712 2542 783 2576 Sco
802 2541 864 2576 the
883 2542 1135 2577 illustrations.

168 2601 188 2631 3
221 2597 279 2631 On
309 2596 373 2631 the
402 2602 584 2643 contrary,
609 2597 715 2632 thosc
744 2598 866 2632 whose
895 2602 972 2632 acts
999 2610 1063 2633 are
1091 2603 1130 2633 at
1154 2599 1323 2632 variance
1344 2597 1430 2632 with
1456 2598 1554 2633 their

94 2653 212 2688 words
239 2664 302 2688 arc
322 2653 428 2688 those
453 2653 574 2688 whose
595 2654 694 2688 word
715 2655 745 2687 is
767 2666 833 2699 yea
859 2656 934 2687 and
959 2667 1040 2699 noy,
1062 2659 1078 2688 1
1101 2656 1183 2689 Cor.
1205 2655 1226 2687 i.
1250 2659 1304 2695 18,
1328 2658 1382 2690 19.
1410 2655 1492 2690 that
1512 2657 1553 2697 is,

94 2710 192 2746 their
217 2722 285 2755 yca
310 2710 339 2744 is
365 2722 448 2755 mzy,
475 2710 548 2743 and
574 2709 671 2744 their
691 2722 764 2755 noy
789 2711 819 2745 is
845 2722 934 2756 year.-
960 2722 998 2745 as
1029 2711 1071 2745 St
1089 2711 1183 2745 Paul
1200 2711 1352 2745 himself
1374 2712 1550 2758 explains.

95 2768 165 2802 Sec
181 2766 340 2801 Festus's
358 2767 569 2812 etymology
586 2767 628 2801 of
645 2779 812 2801 naucum.

162 2828 184 2858 4
233 2823 436 2858 Therefore
464 2823 587 2858 Christ
613 2823 691 2857 said
719 2824 782 2857 the
813 2834 913 2858 same
938 2823 1045 2869 thing
1069 2835 1108 2859 as
1134 2824 1254 2865 Philo,
1280 2825 1361 2859 that
1386 2824 1450 2860 the
1471 2825 1554 2861 best

93 2879 199 2926 thing
219 2881 248 2915 is
265 2880 348 2915 that
365 2892 434 2915 our
453 2880 552 2916 word
570 2880 702 2916 should
713 2880 759 2915 be
777 2891 815 2915 as
837 2891 905 2916 our
922 2880 1021 2916 oath.
1072 2881 1121 2916 So
1139 2881 1201 2916 the
1217 2882 1385 2924 Essenos,
1399 2883 1550 2918 accord-

94 2937 157 2983 ing
173 2941 212 2972 to
227 2938 252 2973 J
254 2937 425 2983 oscphus.

1573 1557 1613 1580 De
1627 1555 1718 1581 Dec-al.

1571 1593 1596 1617 p.
1610 1586 1657 1613 756
1666 1593 1690 1610 ο.
