2018 3204
362 163 443 203 106
847 168 915 201 DE
946 165 1332 202 JUREJURANDO.
1659 163 1755 207 [LIB.
1774 163 1823 199 Π.

359 276 418 319 ris
438 276 596 319 actibus
627 280 834 332 posuerat,
868 274 1025 323 tollere,
1059 273 1092 315 si
1113 273 1393 329 juramentum
1425 277 1497 315 aut
1525 272 1820 328 qualecunque,

359 348 433 385 aut
466 348 578 384 certa
613 342 745 383 forma
778 339 1023 382 accesserit:
1057 339 1167 395 quod
1195 340 1395 381 Romanae
1426 338 1539 395 leges
1567 338 1756 380 fecerunt
1778 338 1818 380 in

359 408 408 449 iis
444 406 757 463 impedimentis,
797 420 889 461 quae
925 419 1007 446 non
1045 405 1200 446 directe
1236 405 1452 460 publicam,
1495 403 1568 445 scd
1611 403 1817 459 privatam

354 473 533 529 jurantis
567 472 787 514 utilitatem
816 475 1015 527 spectant.
1089 470 1210 520 Quod
1235 470 1268 511 si
1299 471 1386 519 fiat,
1425 468 1579 512 valebit
1609 474 1724 511 actus
1749 469 1816 524 ju-

359 545 475 580 ratus
507 553 554 579 eo
592 538 713 579 modo
744 552 824 592 quo
854 535 1099 578 naturaliter
1130 535 1234 577 citra
1264 536 1398 592 legem
1426 535 1649 577 humanam
1679 534 1817 576 fuerat

359 603 572 653 valiturus,
619 609 692 645 aut
736 603 859 645 fidem
904 607 1067 644 tantum
1113 601 1420 658 obstringend0‚
1466 606 1539 643 aut
1577 600 1646 656 jus
1692 598 1817 641 etiam

359 669 495 711 dando
530 668 663 718 alteri,
699 683 775 726 pro
810 668 976 710 diversa
1009 672 1174 709 actuum
1206 673 1369 717 natura,
1407 681 1499 722 quae
1533 666 1630 708 alibi
1653 679 1679 707 a
1701 663 1818 707 nobis

357 735 561 791 explicata
584 739 655 777 est.

458 801 577 842 XXI.
650 802 674 841 1
722 799 961 842 Notandum
984 798 1050 840 hic
1075 803 1137 840 est
1162 797 1305 847 obiter,
1330 797 1441 853 quod
1464 797 1507 838 in
1533 795 1687 840 Christi
1710 810 1818 852 prae-

359 867 487 923 ceptis
512 872 554 908 et
581 865 692 922 apud
727 866 929 908 ,Jacobum
962 865 1014 906 de
1042 879 1124 906 non
1146 864 1327 920 jurando
1356 862 1516 912 dicitur,
1542 861 1709 918 proprie
1736 875 1819 902 non

359 933 415 975 ad
441 931 705 974 assertorium
732 930 1026 987 juramentum,
1052 927 1187 986 ‘cujus
1222 929 1332 985 apud
1366 928 1541 970 Paulum
1574 926 1819 983 Apostolum

361 998 550 1054 exempla
586 1003 751 1038 exstant
779 996 948 1052 aliquot,
982 996 1055 1038 sed
1087 996 1142 1037 ad
1175 994 1480 1051 promissorium
1510 993 1641 1035 futuri
1671 991 1819 1034 incerti

360 1063 582 1120 pertinere.
654 1062 844 1104 Ostendit
882 1062 959 1103 hoc
997 1061 1210 1104 evidenter
1245 1059 1446 1116 oppositio
1481 1059 1552 1101 illa
1592 1059 1634 1100 in
1678 1057 1819 1100 verbis

142 1135 314 1196 ῃΐξΙ-ζῖπ-
363 1129 543 1171 Christi:
579 1130 768 1170 audistis
793 1129 956 1169 dietum
979 1129 1186 1181 antiquis,
1211 1142 1296 1168 non
1320 1127 1549 1181 pejerabis,
1573 1126 1647 1167 secl
1669 1125 1820 1166 reddes

360 1197 549 1237 Domino
577 1195 886 1248 jin-amentum.
962 1195 1060 1248 qu
1105 1207 1202 1234 vero
1247 1194 1344 1233 dieo
1387 1193 1517 1240 vobis,
1564 1192 1633 1232 Ne
1667 1191 1820 1244 jurate

360 1262 542 1302 omnino.
613 1261 670 1301 Et
705 1259 812 1301 ratio
850 1273 972 1314 quam
1000 1258 1182 1300 Jacobus
1215 1257 1382 1312 adjicit:
1418 1255 1476 1307 μή
1508 1257 1564 1300 εἷς
1599 1253 1819 1315 ὑπόκρισιν

361 1323 545 1377 πέσητε,
570 1325 613 1367 id
647 1331 722 1374 est,
758 1340 808 1366 ne
827 1325 1023 1379 fallaces
1048 1324 1366 1366 inveniamini:
1401 1336 1496 1364 nam
1527 1336 1620 1363 eum
1655 1335 1820 1363 sensum

360 1405 441 1432 vox
466 1389 725 1451 ὑποκρίσεως
745 1390 857 1446 apud
877 1389 1131 1431 Hellenistas
1149 1389 1288 1437 habet,
1308 1394 1354 1430 ut
1372 1392 1548 1444 apparet
1565 1388 1594 1429 J
1597 1387 1661 1430 ob.
1679 1386 1818 1429 xxxiv.

359 1458 442 1507 303
479 1457 631 1499 Matth.
657 1455 767 1497 xxiv.
794 1457 864 1506 51,
890 1460 932 1497 et
955 1455 1063 1497 alibi.

462 1525 487 1564 2
536 1523 650 1564 Idem
686 1520 837 1563 evincit
867 1521 969 1562 illud
1004 1520 1046 1561 in
1083 1519 1238 1562 Christi
1268 1518 1419 1569 verbis,
1445 1514 1565 1562 ἔστω
1598 1513 1642 1562 δὲ
1679 1514 1820 1575 λόγος

358 1586 485 1640 ὑμῶν,
532 1587 596 1633 ναὶ
645 1587 725 1641 ναὶ,
768 1583 815 1630 οἱ)
849 1585 911 1636 οὔ,
948 1585 1057 1641 quod
1094 1585 1150 1627 sic
1190 1585 1372 1627 Jacobus
1409 1584 1599 1640 explicat,
1641 1579 1734 1636 ἤτω
1774 1577 1820 1626 δὲ

361 1653 470 1707 ὑμῶν
510 1653 565 1697 τὸ
606 1653 672 1697 ναὶ
715 1652 795 1702 ναὶ,
836 1651 904 1695 καὶ
944 1650 1000 1694 τὸ
1045 1648 1091 1694 οἱ)
1134 1646 1205 1694 οὔ·
1241 1650 1313 1692 ubl
1349 1650 1566 1692 manifeste
1595 1655 1659 1692 est
1685 1649 1822 1707 figura

139 1734 341 1789 ylirgrcmfi.
360 1734 482 1775 quam
516 1717 686 1772 πλοκὴν
722 1719 911 1760 rhetores
948 1722 1110 1767 vocant,
1150 1722 1196 1758 ut
1228 1716 1271 1757 in
1300 1715 1368 1757 illo
1386 1731 1395 1758 ε

142 1776 151 1793 ¹
173 1783 178 1789 ⁸
609 1800 665 1832 Ex
685 1798 749 1832 illo
772 1797 945 1843 Corydon
967 1796 1141 1843 Corydon
1162 1800 1217 1830 est
1238 1799 1408 1841 tempore
1429 1795 1548 1830 nobis.

139 1870 323 1930 {ssss‘lfflgfsp
357 1865 413 1906 Et
435 1863 477 1905 in
501 1863 631 1906 altero
656 1861 801 1904 simili:
839 1863 899 1902 acl
920 1862 1046 1902 illam
1070 1863 1183 1902 client
1202 1861 1435 1902 BIemmius
1459 1868 1553 1901 erat
1574 1861 1819 1903 Memmius.

137 1933 216 1992 ¹13)ss
233 1933 296 1956 Lat.
417 1973 426 1993 t
463 1971 560 2007 Cujus
584 1970 672 2009 apud
700 1968 840 1998 Paulum
873 1968 1056 2005 Apostolum
1123 1968 1159 2003 83
1182 1976 1205 1996 1.
1222 1967 1334 1996 Thess.
1348 1966 1380 1995 ii.
1397 1966 1434 2002 53
1457 1975 1478 1994 1.
1497 1966 1580 1995 Tim.
1594 1965 1625 1994 ii.
1642 1967 1672 1995 7.

354 2022 495 2059 e.rempla
529 2024 651 2049 exstant
677 2017 812 2056 aliquot]
849 2018 942 2046 Rom.
971 2018 993 2046 i.
1017 2018 1056 2053 9;
1185 2016 1198 2033 3
1220 2016 1301 2045 Vide
1317 2016 1354 2044 L.
1370 2016 1418 2045 39.
1435 2015 1452 2052 ἓ
1467 2018 1494 2045 1.
1510 2016 1551 2044 D.
1568 2016 1620 2044 De
1633 2015 1744 2054 Leqal.
1767 2025 1821 2046 111.

354 2072 396 2100 ix.
414 2074 448 2108 13
465 2080 502 2100 11.
519 2070 664 2099 Corinth.
680 2069 699 2098 i.
715 2070 771 2104 233
787 2067 828 2096 xi.
849 2068 886 2096 31
901 2079 907 2104 ;
931 2067 1014 2097 Phil.
1034 2066 1053 2094 i.
1125 2066 1164 2095 L.
1180 2074 1204 2095 1.
1218 2065 1235 2103 ἓ
1251 2067 1280 2094 2.
1316 2065 1368 2093 De
1388 2064 1474 2095 Ver-h.
1495 2064 1632 2102 Obliqat.
1674 2065 1708 2094 J.
1724 2065 1767 2096 B.

428 2215 450 2244 4
486 2210 637 2244 Human
667 2209 755 2243 Law
783 2220 868 2255 may
899 2208 987 2243 take
1022 2218 1125 2253 away
1153 2206 1217 2241 the
1249 2205 1494 2251 impediment
1527 2202 1645 2238 which
1681 2203 1711 2237 it
1745 2202 1821 2237 had

355 2267 499 2301 thrown
518 2269 555 2300 in
572 2267 637 2300 thc
657 2277 736 2311 way
750 2266 793 2300 of
809 2266 951 2300 certain
971 2268 1060 2305 acts,
1079 2264 1112 2298 if
1128 2275 1174 2298 an
1190 2263 1288 2304 oath,
1305 2262 1425 2297 either
1444 2262 1481 2295 in
1502 2260 1663 2306 general,
1678 2271 1720 2294 or
1740 2260 1777 2293 in
1798 2271 1821 2294 a

356 2324 559 2370 particular
580 2323 747 2363 form,be
768 2322 1009 2357 introduced:
1034 2320 1151 2355 which
1173 2320 1237 2354 tho
1251 2321 1398 2353 Roman
1415 2319 1502 2352 Law
1519 2318 1582 2351 did
1600 2318 1638 2350 in
1654 2316 1719 2351 the
1737 2327 1820 2351 case

357 2382 400 2415 of
416 2381 522 2415 those
539 2380 798 2425 impediments
816 2378 934 2412 which
951 2378 1095 2423 reg-ard,
1117 2381 1184 2411 not
1201 2376 1357 2421 directly
1374 2375 1499 2421 public
1520 2374 1656 2419 utility,
1673 2373 1741 2408 but
1757 2373 1822 2408 the

356 2439 499 2483 private
520 2438 644 2482 utility
666 2437 708 2471 of
729 2436 793 2470 the
813 2446 980 2470 swearer.
1030 2434 1114 2468 And
1135 2433 1168 2467 if
1185 2433 1258 2467 this
1278 2433 1325 2467 be
1347 2433 1456 2473 donc,
1475 2432 1540 2465 the
1560 2434 1620 2465 act
1641 2441 1681 2465 so
1701 2441 1821 2465 sworn

357 2495 430 2528 will
451 2495 497 2529 he
518 2493 616 2528 valid
634 2494 671 2526 in
688 2493 752 2527 the
768 2503 868 2527 same
887 2502 1041 2525 manner
1062 2502 1100 2525 as
1115 2491 1144 2524 it
1161 2490 1295 2530 would,
1312 2489 1468 2523 without
1479 2489 1542 2523 the
1559 2488 1710 2521 Human
1723 2487 1821 2528 LaW,

357 2552 452 2585 have
473 2552 568 2585 been
591 2550 686 2583 valid
709 2550 758 2595 by
786 2549 946 2583 Natural
966 2549 1073 2588 Law3
1105 2546 1225 2581 either
1246 2546 1333 2591 only
1353 2546 1402 2591 by
1424 2545 1578 2590 binding
1597 2544 1694 2589 good
1714 2543 1820 2584 saith,

357 2620 399 2642 or
419 2609 469 2653 by
488 2608 611 2653 giving
632 2619 653 2641 a
675 2606 774 2652 right
801 2610 840 2641 to
868 2605 1037 2646 another,
1062 2604 1260 2648 according
1287 2608 1326 2637 to
1347 2602 1411 2637 the
1433 2602 1606 2636 different
1625 2604 1759 2635 nature
1782 2600 1824 2634 of

358 2665 447 2699 such
469 2671 558 2705 acts,
579 2675 618 2698 as
636 2663 786 2708 already
807 2662 1014 2708 explained.

429 2722 535 2755 XXI.
585 2726 602 2754 1
630 2721 665 2754 It
686 2721 715 2755 is
737 2720 826 2754 here
842 2723 882 2754 to
899 2720 946 2753 bc
966 2718 1079 2753 noted
1097 2719 1135 2751 in
1152 2718 1311 2763 passing,
1328 2716 1411 2751 that
1429 2715 1526 2749 what
1546 2715 1575 2749 is
1596 2714 1676 2749 said
1696 2713 1734 2746 in
1755 2712 1820 2747 the

358 2782 529 2822 preccpts
551 2778 593 2811 of
605 2777 738 2816 Christ,
750 2777 824 2811 and
842 2777 880 2810 in
903 2777 945 2810 St
962 2777 1100 2816 James,
1116 2775 1159 2809 of
1170 2778 1237 2808 not
1254 2774 1444 2818 swcaring,
1461 2772 1550 2806 does
1566 2774 1632 2804 not
1645 2769 1821 2815 properly

359 2833 472 2877 apply
498 2837 537 2867 to
558 2845 605 2867 an
631 2834 718 2868 oath
741 2834 782 2867 of
798 2834 990 2874 assertion,
1023 2832 1066 2866 of
1085 2831 1205 2866 which
1229 2831 1336 2865 there
1361 2841 1424 2864 are
1449 2839 1550 2863 some
1575 2826 1761 2871 examples
1781 2826 1821 2859 in

362 2889 405 2923 St
425 2889 519 2922 Paul
546 2889 702 2930 himself,
724 2890 791 2924 but
817 2894 855 2924 to
877 2901 925 2924 an
952 2889 1040 2924 oath
1064 2888 1106 2923 of
1126 2888 1288 2934 promise
1310 2886 1397 2921 with
1417 2884 1550 2930 rcgard
1567 2887 1605 2918 to
1623 2894 1671 2917 an
1687 2892 1819 2916 uncer‘
