2018 3204
54 468 96 513 ‘Pc
111 468 178 499 Offic.
193 467 229 492 iii.

57 589 84 611 01
89 589 148 616 laxs.
164 595 187 612 v.

54 625 76 642 v.
93 619 143 642 1823.

43 1197 121 1222 Hlst.
135 1198 169 1223 iv.
181 1199 218 1223 41.

43 1335 132 1365 Epist.
138 1336 243 1360 ccxxiv.

276 137 331 177 86
762 147 830 181 DE
862 147 1247 184 JUREJURANDO.
1569 149 1665 194 [Lm.
1686 152 1735 187 11.

274 269 376 297 vera
410 254 547 298 facere
583 255 692 298 dicta
731 271 904 312 quorum
945 259 1082 300 Deum
1121 259 1310 302 adhibuit
1349 265 1524 304 testem:
1562 276 1658 304 nam
1702 262 1736 305 is

275 326 402 371 actus,
428 321 498 377 qui
532 336 608 378 per
639 336 682 364 se
718 328 780 365 est
815 323 1092 380 obligatorias,
1127 340 1179 367 ex
1213 326 1349 368 animo
1382 327 1610 370 deliberato
1641 342 1736 384 pro-

275 387 406 429 cessit.
478 387 555 429 Cui
590 403 840 443 consequens
875 395 938 431 est
969 396 1014 432 ut
1048 405 1282 447 quanquam
1314 393 1556 449 plerumque
1591 408 1734 436 verum

275 459 338 494 est
359 453 460 494 illud
485 453 631 503 Tullii3
675 456 800 506 Quod
828 470 878 497 ex
913 458 1053 499 animi
1088 459 1153 499 tui
1190 461 1400 501 sententia
1424 461 1662 514 juraveris,
1684 461 1735 502 id

273 533 358 560 ‘non
379 521 533 573 facere
556 520 802 574 perjurium
838 530 899 563 est
914 538 931 570 ,·
962 537 1043 578 quo
1073 529 1116 565 et
1142 523 1244 566 illud
1270 525 1451 582 pertinet
1480 526 1591 582 quod
1620 526 1731 583 apud

272 584 502 626 Homerum
519 584 666 641 jurans
692 585 836 643 Ulyssi
861 587 1042 645 Calypso
1065 589 1151 632 ait:

555 663 658 698 Ἀλλὰ
687 665 729 699 τὰ
757 666 820 710 μὲν
850 666 933 702 νοέω
959 669 1013 703 καὶ
1042 651 1260 715 φράσσοῂαι.

557 733 700 768 Verum
729 735 873 771 animus
898 737 997 783 quod
1027 739 1140 774 sentit
1169 739 1269 774 idem
1293 739 1432 786 loquar.

370 799 397 838 2
445 798 494 840 Id
531 803 669 841 tamen
712 800 818 843 hanc
856 803 1137 860 exceptionem
1178 805 1342 855 habeat,
1385 805 1461 847 nisi
1505 805 1575 862 qui
1613 805 1732 862 jurat

267 861 381 913 sciat,
419 869 491 906 aut
531 866 799 921 probabiliter
837 869 991 921 credat,
1029 870 1082 912 ab
1118 885 1166 913 eo
1204 871 1366 927 quicum
1405 872 1616 929 negotium
1653 878 1728 922 est,

268 929 398 971 verba
420 930 542 972 aliter
567 931 721 988 accipi:
757 948 852 975 nam
884 934 1002 977 dictis
1036 935 1135 992 ipsis
1168 942 1316 980 testem
1347 937 1547 980 adhibens
1578 939 1728 987 Deum,

268 994 391 1037 debet
425 996 534 1038 dicta
577 997 714 1040 facere
748 1014 848 1041 vera
882 996 1102 1057 fquomodo
1138 1009 1257 1059 putat
1298 1003 1482 1061 intelligi.
1553 1004 1610 1046 Et
1652 1004 1730 1046 hoc

267 1065 329 1102 est
364 1061 473 1116 quod
507 1062 615 1104 idem
650 1064 708 1106 ait
744 1065 912 1109 Cicero:
954 1070 1079 1119 Quod
1112 1071 1180 1111 ita
1203 1070 1408 1124 juratum
1443 1078 1515 1118 est,
1541 1079 1589 1112 ut
1616 1085 1731 1112 mens

266 1123 524 1181 deferentis‘2
548 1131 783 1185 conciperet
796 1133 900 1185 fieri
923 1142 1123 1189 oportere,
1148 1137 1198 1176 id
1219 1137 1477 1178 servandum
1501 1141 1572 1178 est.
1605 1135 1731 1192 Apud

267 1191 453 1234 Tacitum
478 1194 677 1251 legimus:
721 1199 926 1252 Trepidis
949 1207 988 1240 et
1008 1202 1138 1242 verba
1151 1202 1454 1256 jurisjurandi
1470 1217 1554 1256 per
1575 1203 1730 1244 varias

266 1267 382 1300 artes
423 1262 702 1312 mutant-ibus,
747 1265 867 1318 queis
896 1266 1072 1320 flayitii
1117 1269 1378 1309 conscientia
1418 1270 1574 1310 inerat.
1643 1268 1729 1309 Au-

263 1324 475 1380 gustinus:
523 1328 704 1380 Perjuri
732 1337 832 1371 sunt
865 1332 942 1385 qui
976 1334 1159 1375 servatis
1202 1335 1340 1375 verbis
1378 1335 1730 1389 exspectationem

264 1404 418 1439 eorum,
475 1394 629 1446 quibus
666 1394 868 1447 juratum
912 1404 984 1446 est,
1041 1399 1304 1453 deceperunt.
1380 1399 1439 1440 Et
1484 1401 1504 1427 g
1515 1399 1726 1441 Isidorus:

268 1457 528 1513 Quacumque
567 1467 662 1501 arte
705 1461 927 1502 verborum
970 1463 1067 1518 quis
1101 1465 1234 1517 juret,
1278 1466 1400 1507 Deus
1451 1473 1605 1515 tamen,
1653 1466 1729 1521 qui

1060 1586 1111 1616 Qui
1123 1594 1177 1611 non
1189 1589 1221 1612 ut
1229 1589 1314 1619 juras,
1327 1589 1373 1613 sed
1384 1591 1415 1613 ut
1427 1589 1449 1614 is
1458 1590 1562 1620 jurasse
1573 1590 1677 1621 putavit

1060 1627 1109 1652 Cui
1117 1628 1201 1658 juras,
1214 1629 1304 1654 audit:
1320 1630 1355 1654 sic
1367 1637 1394 1655 es
1405 1631 1512 1661 utrique
1523 1638 1593 1656 reus.

320 1582 332 1604 s
353 1582 512 1621 Quomodo
530 1586 626 1621 putat
647 1583 794 1622 intelliqz’]
826 1585 959 1624 Augus-

260 1633 347 1662 tinus
369 1633 503 1671 epistola
527 1642 669 1663 ccxxlv.
696 1634 735 1663 de
755 1634 810 1663 illo
833 1635 959 1664 locutus

261 1683 315 1720 qui
329 1692 348 1711 a
362 1683 488 1712 Punicis
511 1684 621 1712 castris
638 1693 782 1723 egressus
800 1685 831 1713 in
855 1688 959 1715 castra

260 1732 406 1768 redierat,
425 1733 497 1761 inde
513 1733 647 1762 Romam
662 1737 810 1763 venerat:
832 1735 879 1763 ita
898 1744 959 1764 uon

260 1781 454 1811 attenderunt
472 1783 527 1820 qui
544 1783 631 1811 illum
653 1783 769 1812 Senatu
791 1788 957 1821 moverunt,

260 1831 339 1869 quid
361 1832 426 1869 ipse
445 1831 588 1867 jurando
610 1833 783 1870 coyitasset,
807 1834 862 1862 sed
881 1834 959 1872 quid

260 1882 300 1911 ab
326 1882 381 1911 illo
405 1881 516 1919 quibus
536 1881 707 1917 juraverat
733 1886 956 1920 exspectarent.

260 1932 387 1970 (Epist.
414 1932 483 1961 125.
512 1941 600 1960 novae
627 1931 719 1961 Edit.
741 1932 955 1970 Benedictin.)

258 1981 342 2011 Vide
362 1984 394 2010 et
407 1981 580 2019 sequentia.
622 1981 704 2010 Vide
724 1982 764 2010 ad
786 1982 867 2010 hanc
889 1991 955 2011 rem

256 2030 389 2068 pulchre
405 2031 489 2059 dicta
503 2030 636 2059 concilio
659 2030 845 2059 Trosleiano
868 2034 955 2060 tomo

259 2088 311 2107 111.
327 2079 541 2115 conciliorum,
556 2079 701 2107 editionis
717 2079 955 2110 Sirmondianae.

258 2129 301 2157 Et
315 2128 400 2166 apud
410 2128 615 2157 Hinemarum
631 2128 661 2156 in
678 2129 829 2166 opusculo
845 2129 882 2158 dc
890 2130 954 2159 Di-

256 2179 356 2207 vortz'o
371 2178 521 2207 Lotharz'z'
540 2181 569 2207 et
589 2178 777 2217 Thietlzeryae
797 2179 837 2207 ad
856 2179 955 2208 inter-

256 2229 455 2267 rogationem
470 2238 516 2258 VI.
539 2229 594 2258 ubi
608 2229 640 2258 in
662 2230 742 2259 hanc
765 2230 953 2259 sententiam

256 2282 344 2308 recte
358 2279 396 2308 de
410 2279 481 2308 Deo
497 2278 630 2309 dieitur:

1028 1680 1066 1709 In
1091 1681 1286 1718 professione
1307 1682 1417 1720 jurata
1439 1683 1647 1712 Hebraeorum
1669 1693 1727 1722 per

1028 1730 1231 1768 Hispaniam:
1263 1731 1300 1761 Si
1319 1742 1380 1761 non
1402 1742 1440 1761 ea
1461 1733 1629 1762 intentione
1648 1743 1726 1772 per-

1017 1780 1146 1818 feceris,
1160 1782 1240 1811 sicut
1255 1792 1276 1810 α
1285 1782 1373 1811 nobis
1385 1791 1431 1811 me
1438 1784 1605 1822 profitente
1615 1784 1728 1813 audita

1027 1835 1118 1869 atque
1133 1833 1287 1862 intellecta
1299 1837 1377 1863 sunt.

1084 1882 1098 1898 ²
1120 1881 1192 1911 Vox
1212 1883 1267 1911 illa
1287 1883 1453 1921 deferentis
1471 1884 1561 1912 abest
1581 1885 1620 1913 ab
1641 1885 1726 1923 opti-

1026 1931 1085 1960 mis
1098 1931 1308 1961 Editionibus.
1351 1933 1490 1962 Omnino
1504 1934 1611 1972 agitur
1628 1934 1671 1963 ibi
1686 1935 1725 1964 de

1026 1981 1288 2019 animojurantiS.
1305 1991 1370 2010 non
1385 1982 1424 2011 de
1438 1991 1531 2011 sensu
1546 1992 1638 2020 quem
1654 1993 1724 2013 ver-

1024 2030 1074 2059 bis
1093 2031 1159 2068 ejus
1178 2031 1289 2060 tribuit
1308 2032 1344 2068 is,
1365 2032 1419 2069 qui
1441 2032 1543 2061 defert
1561 2033 1724 2072 jusjuran-

1025 2080 1111 2108 dum.
1141 2080 1296 2118 Adeoque
1309 2081 1397 2110 locus
1412 2082 1489 2110 nihil
1503 2083 1543 2110 ad
1557 2091 1623 2111 rem
1638 2083 1724 2120 facit,

1024 2132 1061 2158 ut
1077 2130 1195 2158 dudum
1215 2131 1446 2160 observavimus
1460 2132 1499 2160 ad
1516 2132 1724 2162 PUFENDOR-

1025 2188 1112 2209 FIUM
1128 2184 1281 2217 nostrum,
1304 2181 1388 2210 dicto
1403 2182 1516 2219 capite,
1539 2181 1619 2220 315.
1642 2182 1719 2212 Not.

1023 2231 1052 2259 2.
1095 2229 1130 2259 J.
1145 2229 1187 2259 B.

1081 2285 1097 2307 g
1116 2278 1277 2318 Isidorus]
1299 2279 1370 2310 Lib.
1385 2288 1423 2310 11.
1438 2279 1476 2309 de
1491 2279 1615 2310 Summo
1628 2280 1720 2310 Bono

255 2444 423 2479 witness:
455 2443 514 2479 for
534 2443 617 2479 that
643 2448 714 2486 act,
735 2444 854 2479 which
870 2445 900 2479 is
922 2445 965 2479 of
988 2445 1092 2480 itself
1108 2445 1326 2491 obligatory,
1351 2445 1560 2490 proceeded
1580 2446 1676 2480 from
1696 2457 1720 2481 a

255 2501 459 2536 deliberate
475 2501 590 2535 mind.

254 2557 352 2592 what
368 2569 442 2604 you
462 2558 723 2604 intentionally
742 2569 858 2593 swear
877 2559 907 2594 is
928 2561 1089 2606 perjury.

650 2501 735 2535 And
752 2501 869 2536 hence
889 2502 919 2537 it
939 2502 1080 2537 follows
1101 2502 1195 2544 that,
1212 2513 1250 2536 as
1270 2503 1398 2537 Cicero
1419 2514 1512 2549 says,
1527 2507 1593 2538 not
1613 2507 1653 2538 to
1670 2503 1718 2538 do

1152 2559 1223 2594 See
1243 2559 1397 2594 Homer.

326 2618 347 2648 2
378 2614 467 2649 This
488 2615 518 2649 is
544 2626 596 2657 so,
620 2615 709 2649 with
738 2615 802 2650 the
833 2617 1028 2662 exception
1057 2616 1098 2651 of
1120 2615 1185 2651 the
1211 2627 1294 2652 case
1321 2617 1360 2650 in
1385 2615 1504 2651 which
1530 2627 1605 2662 you
1631 2615 1714 2651 who

254 2681 379 2711 swear‚
398 2671 506 2706 know
527 2683 569 2706 or
588 2672 730 2708 believe
750 2673 833 2708 that
852 2673 900 2708 he
926 2673 1015 2708 with
1023 2673 1152 2720 ‘whom
1168 2685 1242 2719 you
1259 2673 1352 2708 have
1369 2676 1408 2708 to
1430 2673 1478 2708 do
1498 2673 1603 2708 takes
1624 2684 1718 2718 your

254 2727 372 2761 words
389 2728 604 2764 otherwise:
631 2729 691 2764 for
715 2730 753 2764 in
774 2730 903 2776 taking
920 2730 1004 2765 God
1024 2734 1064 2765 to
1084 2731 1231 2765 witness
1249 2730 1304 2764 his
1326 2730 1455 2771 words,
1479 2730 1526 2765 he
1544 2729 1660 2774 ought
1676 2733 1716 2763 to

254 2783 419 2827 perform
448 2784 551 2819 them
579 2797 619 2820 as
647 2786 694 2821 he
726 2798 903 2833 supposes
928 2787 1032 2822 them
1063 2791 1102 2822 to
1134 2787 1181 2822 be
1208 2787 1447 2821 understood.

1507 2787 1558 2820 So
1586 2786 1716 2820 Cicero

254 2839 439 2883 regulates
468 2851 515 2874 an
544 2842 633 2876 oath
657 2843 707 2889 by
732 2844 797 2879 the
817 2856 912 2879 meus
933 2845 1127 2889 deferentis,
1155 2844 1220 2879 the
1246 2843 1348 2877 mind
1377 2843 1420 2877 of
1442 2842 1507 2877 the
1525 2852 1715 2888 proposer.

255 2895 404 2930 Tacitus
425 2897 556 2942 speaks
583 2899 625 2933 of
642 2910 728 2934 men
748 2901 787 2934 in
811 2901 892 2936 sear
916 2900 1101 2947 changing
1121 2901 1185 2936 the
1207 2900 1324 2935 words
1350 2899 1393 2934 of
1415 2899 1478 2934 the
1499 2898 1607 2933 oath:
1639 2898 1715 2933 Au-
