2018 3204
214 173 305 209 CAP.
323 172 449 216 XVI]
645 172 713 207 DE
744 172 798 207 IN
803 171 1241 208 TERPRETATIONE.
1595 165 1675 205 183

213 281 344 339 patris
361 287 434 325 aut
454 281 525 323 filii
549 280 745 324 detineat.
796 283 852 324 Et
870 282 947 323 hoc
964 285 1077 323 reete
1096 280 1240 323 Cicero
1264 283 1316 324 de
1340 282 1501 336 Officiis
1521 279 1674 336 primo:
1692 289 1757 321 0³1³·
1770 296 1798 314 x·

217 350 269 391 Si
292 349 559 391 constitueris
584 356 622 390 te
642 349 833 402 cuipiam
859 349 1117 390 advocatum
1141 349 1190 389 in
1213 362 1299 390 rem
1317 354 1571 404 praesentem
1594 361 1679 388 esse

213 422 449 463 venturum,
496 422 624 469 atque
660 415 834 455 inter-im
868 415 1064 469 yraviter
1098 421 1307 468 ceyrotare
1330 415 1455 468 filius
1492 413 1676 468 coeperit,

213 495 298 522 non
320 481 379 522 sit
400 488 554 522 contra
577 481 757 534 officium
778 481 1026 534 nonfacere
1049 481 1162 534 quod
1181 480 1358 522 dixeris.

313 546 340 586 3
385 546 435 586 In
459 544 633 587 eundem
665 559 826 586 sensum
860 544 1150 600 accipiendum,
1182 559 1258 586 nee
1289 545 1399 587 ultra
1429 545 1677 588 trahendum

212 614 288 660 est,
313 605 439 666 iquod
469 611 580 666 apud
605 610 801 653 Senecam
830 610 1030 668 legimus:
1075 612 1118 652 T
1114 626 1196 653 une
1211 613 1340 665 fidem
1363 613 1547 666 fallam,
1578 620 1677 654 tune
1692 618 1886 675 gffle⁷⁸⁸s·iv·

212 678 511 719 inconstantiae
535 678 696 719 crimen
720 678 915 726 audiam,
940 678 981 719 si
1002 691 1097 718 eum
1117 679 1264 718 omnia
1287 679 1435 719 eadem
1459 679 1558 726 sint,
1583 692 1678 732 quoe

212 751 337 785 erant
374 744 649 798 promittente
687 758 764 790 me,
799 757 883 785 non
915 743 1158 797 prcestitero
1195 743 1472 797 promissum,
1511 744 1679 798 alioqui

212 809 421 863 quicquid
444 817 652 857 mutatur,
688 809 925 850 libertatem
936 808 1061 862 facit
1090 809 1141 848 de
1166 809 1332 861 inteyro
1356 809 1614 856 consulendi,
1639 815 1678 849 et

212 888 350 915 meam
365 876 497 928 fidem
523 875 692 916 liberat.
760 874 959 916 Promisi
982 874 1305 914 advocationem
1321 888 1334 914 :
1361 881 1516 928 postea
1539 888 1678 928 appa-

212 941 304 982 ruit
320 955 402 995 per
420 941 546 982 illam
568 954 746 982 eausam
761 939 1072 994 praejudieium
1094 939 1143 979 in
1153 947 1330 994 patrem
1351 953 1490 981 meum
1510 940 1649 994 quoeri
1664 954 1678 979 .·

206 1007 394 1060 promisi
416 1021 480 1048 me
503 1019 682 1061 pereyo-e
709 1019 800 1046 una
822 1006 988 1046 iturum
1005 1020 1018 1045 :
1053 1006 1127 1046 sed
1156 1006 1241 1046 iter
1269 1006 1476 1060 infestari
1505 1005 1678 1046 latroci-

211 1072 300 1113 niis
327 1073 568 1113 nuntiatur.
639 1073 695 1112 In
727 1085 814 1112 rem
838 1077 1090 1125 proesentem
1113 1071 1438 1125 venturus-fici.-
1472 1072 1545 1112 sed
1569 1084 1678 1124 oeyer

202 1137 340 1190 filius,
375 1138 449 1179 sed
471 1151 693 1192 puerpera
721 1151 830 1178 ‘uxor
864 1144 982 1178 tenet.
1048 1137 1207 1178 Omnia
1235 1151 1320 1178 esse
1351 1137 1500 1178 debent
1531 1137 1678 1178 eadem

211 1217 305 1257 quae
315 1203 496 1258 fuerint
528 1218 623 1245 eum
642 1204 952 1257 promitterem,
980 1209 1028 1243 ut
1043 1203 1340 1256 promittentis
1356 1203 1488 1256 fidem
1521 1209 1676 1243 teneas.

212 1267 364 1310 Omnia
393 1267 590 1325 intellige,
627 1282 703 1324 pro
735 1274 850 1310 aetus
885 1267 973 1324 ejus
1007 1267 1059 1309 de
1086 1281 1166 1323 quo
1201 1267 1402 1323 quaeritur
1435 1273 1598 1316 natura,
1631 1272 1678 1309 ut

203 1331 293 1388 jam
316 1334 436 1376 modo
456 1333 730 1390 exposuimus,

209 1443 378 1483 Beneficiis
391 1456 401 1474 .-
418 1445 470 1475 Ad
484 1455 599 1475 coenam
613 1446 690 1485 quia
698 1445 834 1484 promisi
848 1445 909 1481 ibo,

171 1512 181 1522 .
209 1494 332 1524 etiamsi
338 1496 452 1534 friqus
466 1497 536 1533 erit,
556 1500 616 1525 'non
635 1496 758 1534 quidem
779 1496 808 1524 si
825 1495 909 1523 nives

209 1544 329 1573 cadent.
353 1545 489 1583 Surqam
503 1546 548 1575 ad
560 1546 731 1583 sponsalia,
743 1546 819 1583 quia
829 1554 906 1582 pro-

208 1594 290 1630 misi,
311 1595 452 1632 quamvis
473 1604 532 1623 non
555 1595 757 1629 concoxerim,
775 1593 829 1622 sed
848 1602 908 1621 non

209 1643 238 1671 si
253 1643 492 1679 febricitavero.
536 1644 688 1681 Sponsum
715 1643 906 1677 descendam,

209 1692 286 1730 quia
307 1693 462 1730 promisi:
491 1693 546 1722 sed
571 1702 630 1721 non
651 1693 680 1721 si
705 1692 854 1730 spondere
876 1692 908 1720 in

210 1742 357 1771 incertum
364 1741 497 1779 jubebis,
511 1743 539 1771 si
541 1743 623 1780 fisco
638 1741 801 1780 obliyabis.
826 1741 906 1770 Sub-

210 1795 264 1827 est,
293 1793 428 1830 inquam,
451 1793 550 1822 tacita
570 1792 718 1830 exceptio,
739 1792 769 1820 sz'
786 1794 906 1829 potero,

209 1842 239 1870 si
263 1842 382 1878 debebo,
405 1843 434 1871 si
457 1843 520 1872 lure
544 1843 589 1871 ita
611 1845 709 1870 erunt.
753 1841 856 1880 Effice
876 1845 909 1870 ut

209 1891 289 1921 idem
315 1895 415 1921 status
440 1892 481 1921 sit
503 1901 570 1921 cum
593 1891 738 1929 e.1·1'9itur,
762 1892 817 1929 qui
830 1891 907 1928 fuit,

975 1446 1044 1481 erit,
1060 1445 1089 1474 si
1100 1445 1227 1484 aliquid
1240 1446 1400 1475 intervenit
1414 1445 1485 1474 novi
1500 1456 1509 1474 .-
1526 1445 1604 1484 quid
1615 1445 1673 1473 mi-

975 1495 1072 1530 raris,
1087 1504 1154 1524 eum
1173 1495 1308 1524 conditio
1325 1495 1535 1533 promittentis
1555 1497 1676 1524 mutata

975 1544 1025 1579 sit,
1041 1547 1189 1573 mutatum
1202 1553 1265 1573 esse
1280 1545 1441 1574 consitium
1455 1544 1470 1574 Ρ
1484 1544 1590 1573 eadem
1599 1543 1676 1572 mihi

975 1594 1080 1622 onmia
1104 1597 1222 1631 presta
1247 1597 1275 1623 et
1302 1594 1382 1623 idem
1405 1603 1482 1624 sum.
1528 1593 1674 1622 Vadimo-

976 1643 1059 1671 nium
1069 1643 1290 1681 promittimus,
1306 1646 1404 1672 tamen
1416 1643 1580 1672 deseritur.
1601 1641 1677 1671 Non

976 1693 1008 1721 iu
1022 1702 1122 1721 omnes
1136 1692 1232 1721 datur
1244 1693 1338 1728 actio,
1354 1692 1537 1721 deserentem
1546 1692 1593 1720 vis
1608 1699 1674 1719 ma-

966 1742 1025 1778 jor
1038 1745 1174 1771 excusat.
1192 1741 1248 1770 Usi
1262 1751 1346 1779 saepe
1360 1741 1420 1770 hoe
1434 1741 1552 1779 effugio
1564 1740 1674 1777 Angli.

975 1792 1057 1822 vide
1086 1791 1282 1821 Camdenum
1308 1791 1339 1819 in
1361 1800 1444 1819 anno
1466 1792 1525 1820 clo
1542 1791 1579 1819 I.)
1595 1798 1675 1819 XCV.

974 1844 1042 1870 tum
1056 1841 1087 1869 in
1103 1840 1315 1869 controversia
1328 1849 1398 1869 cum
1412 1839 1550 1875 Batavis,
1563 1842 1630 1869 tum
1643 1838 1674 1867 iu

975 1891 1075 1920 altera
1089 1899 1161 1920 cum
1175 1890 1366 1921 AnseaticiS.

209 1950 277 1972 cum
286 1943 497 1980 promitterem
512 1952 522 1972 .·
546 1941 709 1972 destituere
723 1941 834 1971 levitas
848 1951 908 1970 non

208 2085 292 2123 that
312 2097 335 2121 a
351 2086 512 2132 promise
532 2098 618 2132 may
635 2090 701 2122 not
719 2086 841 2132 obligo
858 2086 923 2121 the
943 2087 1135 2133 promiser,
1159 2087 1189 2122 it
1214 2087 1302 2121 does
1324 2090 1390 2121 not
1406 2087 1530 2121 suffice
1547 2086 1629 2121 that
1647 2088 1676 2121 it

208 2142 335 2189 brings
361 2154 463 2178 some
499 2143 606 2177 harm
632 2148 670 2178 to
696 2143 760 2178 the
782 2144 985 2189 promiser3
1009 2143 1078 2178 but
1107 2144 1137 2178 it
1167 2148 1267 2178 must
1295 2144 1342 2178 be
1375 2143 1466 2178 such
1498 2143 1604 2177 harm
1635 2154 1675 2178 as

209 2200 408 2246 according
429 2204 467 2234 to
490 2199 554 2235 the
575 2204 709 2235 nature
730 2200 773 2235 of
790 2200 854 2235 the
875 2205 935 2235 act
963 2205 1062 2235 must
1084 2200 1131 2235 be
1158 2200 1342 2246 supposed
1363 2204 1402 2235 to
1428 2201 1476 2235 be
1496 2201 1676 2245 oxeepted

209 2256 248 2291 in
270 2257 334 2292 the
355 2257 547 2302 promiser.
611 2257 713 2292 Thus
731 2257 779 2292 he
800 2257 881 2292 who
909 2257 976 2292 has
997 2257 1185 2303 promised
1209 2257 1265 2291 his
1283 2257 1490 2302 neighbour
1506 2267 1546 2292 so
1564 2268 1676 2303 many

210 2313 310 2359 days'
332 2313 475 2354 labour,
498 2314 527 2348 is
548 2318 614 2348 not
635 2314 762 2348 bound
794 2315 827 2348 if
843 2325 866 2348 a
893 2314 1037 2349 critical
1058 2314 1131 2348 and
1153 2314 1362 2359 dangerous
1391 2314 1533 2349 disease
1560 2314 1603 2348 of
1619 2314 1675 2349 his

210 2369 335 2404 father
356 2381 398 2403 01·
417 2370 473 2404 his
494 2381 561 2404 son
586 2371 700 2416 keeps
721 2370 799 2404 him
820 2382 932 2416 away.
995 2372 1045 2406 So
1068 2371 1196 2405 Cicero
1218 2371 1255 2405 in
1273 2371 1330 2405 his
1350 2371 1478 2418 Offices.
1500 2369 1541 2413 (1.
1564 2370 1640 2413 10.)

289 2430 310 2461 3
349 2426 463 2460 What
486 2427 628 2462 Seneca
645 2438 726 2472 says
744 2428 774 2462 is
795 2432 834 2462 to
856 2427 903 2462 be
924 2427 1037 2462 taken
1059 2429 1096 2462 in
1117 2427 1181 2462 the
1203 2439 1304 2463 same
1325 2439 1441 2469 sense,
1462 2428 1534 2462 and
1553 2431 1619 2461 not
1636 2430 1675 2461 to

210 2481 258 2516 be
279 2481 423 2528 pushed
445 2482 610 2518 further:
637 2484 664 2517 I
680 2491 771 2518 must
789 2484 868 2529 keep
885 2497 944 2530 my
959 2485 1114 2530 promise
1134 2485 1176 2528 if
1191 2486 1244 2519 all
1269 2486 1383 2530 tleinys
1403 2496 1465 2519 are
1490 2485 1542 2518 the
1558 2495 1674 2518 same.-

212 2539 271 2573 but
298 2539 336 2583 {f
366 2539 539 2584 anyttu'ng]
570 2541 606 2574 be
645 2541 810 2585 chanyed,
840 2542 867 2574 I
893 2553 954 2574 am
994 2547 1032 2575 at
1075 2542 1199 2586 liberty
1229 2548 1262 2575 to
1292 2542 1398 2576 revise
1422 2553 1482 2586 my
1512 2540 1671 2574 decision.

214 2596 310 2630 Thus
333 2595 360 2628 I
372 2596 554 2640 promised
574 2602 607 2630 to
631 2597 795 2631 advocate
824 2609 848 2630 α
874 2609 976 2632 cause
989 2610 1002 2636 ;
1035 2599 1094 2631 but
1115 2598 1142 2631 it
1174 2609 1327 2642 appears
1347 2598 1421 2631 that
1447 2598 1499 2631 the
1520 2608 1622 2631 cause
1645 2597 1675 2631 is

211 2652 376 2687 intended
412 2658 445 2686 to
480 2652 596 2697 injure
631 2665 691 2698 my
715 2654 868 2699 father.-
898 2654 926 2687 Ι
950 2654 1133 2698 promised
1168 2659 1200 2687 to
1233 2665 1451 2699 accompany
1486 2665 1548 2688 one
1575 2665 1621 2688 on.
1651 2666 1675 2688 a

203 2709 386 2756 j0urney5
413 2709 472 2743 but
505 2709 532 2742 it
560 2720 713 2754 appears
739 2710 814 2743 that
841 2710 893 2744 the
917 2711 1011 2743 read
1033 2710 1063 2744 is
1092 2710 1240 2754 infested
1259 2710 1343 2744 with
1370 2711 1530 2745 robbers:
1560 2711 1587 2744 I
1601 2722 1675 2745 was

212 2771 246 2801 to
282 2777 375 2800 come
413 2772 450 2799 at
483 2777 506 2799 a
531 2766 666 2800 certain
702 2766 805 2804 time,·
837 2767 896 2800 but
922 2777 981 2811 my
1010 2778 1074 2800 son
1103 2767 1133 2800 is
1162 2766 1215 2808 ill,
1245 2778 1306 2812 my
1335 2767 1419 2811 wife
1447 2767 1477 2801 is
1501 2768 1540 2801 in.
1564 2767 1676 2801 child-

211 2823 317 2858 birth.
369 2822 434 2856 All
464 2828 556 2856 must
582 2823 618 2857 be
640 2823 691 2857 the
715 2833 810 2856 same
836 2833 876 2856 as
905 2823 935 2856 it
958 2834 1033 2857 was
1062 2823 1160 2857 when
1184 2823 1210 2856 Ι
1229 2824 1420 2868 promised,
1438 2829 1472 2858 το
1501 2824 1609 2869 obtiye
1624 2835 1677 2858 me

211 2885 247 2914 to
273 2879 353 2925 keep
373 2891 433 2925 my
455 2880 566 2913 word.
618 2879 872 2919 Understand,
897 2879 949 2913 all
974 2879 1089 2924 thinys
1110 2880 1308 2926 according
1332 2884 1372 2916 to
1392 2879 1457 2916 the
1481 2886 1614 2915 nature
1640 2880 1682 2914 of

212 2935 279 2972 the
297 2941 357 2971 act
375 2937 411 2970 in
430 2937 613 2982 question,
634 2947 672 2971 as
691 2947 744 2971 we
761 2935 854 2970 have
867 2936 946 2981 just
963 2936 1171 2982 explained.
