2018 3204
149 280 208 304 Lib.
223 280 249 303 ii.
263 281 296 303 de

154 312 223 341 Qffic.
236 318 258 334 c.
271 311 310 334 21.

152 733 217 764 Cap.
231 735 254 757 3.
271 732 283 763 ξ
297 733 318 757 4.

154 932 214 957 Lib.
229 932 245 956 ⁴1.
258 932 296 956 38.

157 1657 215 1681 Lib.
228 1657 246 1680 i.
260 1657 293 1681 de

159 1689 236 1711 Ciem.
250 1688 287 1711 9ο.

368 83 451 123 416
615 89 818 124 ΜΟΝΙΤΑ
848 89 914 123 DE
947 87 1055 122 NON
1086 86 1293 121 TEMERE
1323 86 1483 120 ETIAM
1514 86 1584 120 EX
1667 83 1761 128 [Lm.
1778 85 1827 119 11.

465 201 493 241 4
539 202 608 242 De
631 214 706 241 suo
719 200 820 253 jure
844 199 986 239 virum
1006 199 1155 239 bonum
1178 198 1348 252 al'z'quid
1371 199 1573 239 relaoeare
1590 212 1673 238 non
1697 197 1832 238 solum

371 267 663 313 liberalitatis,
688 266 762 305 sed
777 265 1030 318 plerumque
1058 265 1189 304 etiam
1214 264 1529 304 commoditatis
1553 271 1625 311 est,
1650 262 1711 304 ait
1735 264 1833 302 Am-

369 332 539 373 brosius.
597 329 800 371 Aristides
827 329 973 370 suadet
1007 328 1239 370 civitatibus
1263 329 1517 388 συγχωρεῖν
1541 348 1608 371 και
1634 325 1832 386 παριέναι

370 395 404 445 ὅ,
431 417 475 439 τι
500 393 551 440 ἂν
575 391 599 456 ᾐ
623 392 816 455 μέτριον,
844 396 1065 437 concedere
1083 403 1122 436 et
1148 395 1320 466 Ζαν9ἱνὶ,
1343 396 1383 435 si
1406 395 1512 469 quid
1529 396 1586 436 sit
1610 395 1832 436 mediocre.

370 463 589 504 Rationem
613 461 755 503 addit.
786 458 936 519 ὥσπερ
962 479 1055 520 ’γαρ
1078 459 1147 503 καὶ
1173 479 1260 502 των
1284 454 1500 502 ιδιωτῶν
1482 461 1703 502 επαινεῖτε
1729 477 1832 504 τους

371 547 644 585 ευγνωμονας
668 546 737 569 και
762 524 995 582 βλαβῆναί
1020 546 1118 569 τινα
1143 527 1310 576 μᾶλλον
1335 522 1606 585 αιρουμένους
1630 546 1654 578 η
1683 520 1834 586 διαφέ-

370 595 524 654 ρεσθαι
550 590 658 652 πρός
685 606 814 638 τινας·
851 608 954 633 nam
984 600 1022 633 et
1039 594 1317 647 privatorum
1340 593 1558 633 hominum
1581 606 1648 633 eos
1679 593 1834 633 lauda-

372 661 439 708 tis,
466 661 541 715 qui
556 660 694 715 facili
724 667 823 700 sunt
846 659 1027 712 inqenio,
1062 666 1100 699 et
1124 659 1276 698 damni
1300 659 1469 713 aliquid
1500 659 1643 699 subire
1665 658 1834 698 malunt

371 741 499 781 quam
525 727 712 780 liti‘qare.
772 725 1005 779 Xenophon
1029 722 1211 764 historiae
1236 724 1393 765 Graecae
1420 728 1563 764 sexto:
1596 719 1835 782 σωφρόνων

369 791 446 844 μὲν
476 786 612 843 δήπου
642 788 755 839 ἐστι’,
784 784 886 842 μηδὲ
915 790 949 832 εἶ
981 785 1040 841 μὴ
1063 787 1190 847 μικρά
1216 786 1272 831 τά
1298 784 1569 848 διαφέροντα
1593 787 1672 839 εἴη,
1705 785 1836 832 πόλε-

369 877 446 910 μον
470 855 753 912 ἀναιρεῖσθαι·
777 857 1025 911 sapientum
1043 863 1114 903 est,
1148 870 1198 896 ne
1223 856 1272 896 ob
1294 870 1449 910 (francs
1473 856 1642 909 quidem
1665 869 1834 904 causas,

371 925 527 966 bellum
549 924 771 978 suscipere.
816 923 873 964 Et
896 921 1006 977 apud
1031 921 1326 962 Philostratum
1353 920 1616 976 Apollonius:
1642 919 1836 969 πόλεμον

373 985 455 1033 οὐδ’
484 987 593 1049 ὑπὲρ
615 986 827 1046 μεγάλων
851 986 1068 1048 αἴρεσθαι·
1103 1001 1156 1029 ne
1181 988 1231 1029 ob
1267 1001 1449 1043 maynas
1474 988 1645 1042 quidem
1677 1001 1836 1029 causas

374 1057 527 1098 bellum
550 1057 817 1109 capiendum.

471 1122 549 1162 III.
611 1122 634 1161 1
683 1121 804 1161 Circa
827 1134 979 1175 poenas,
1017 1118 1133 1160 officii
1157 1117 1332 1174 primum
1365 1118 1494 1160 nostri
1519 1123 1593 1167 est,
1627 1117 1659 1160 si
1685 1133 1766 1159 non
1789 1123 1837 1161 ut

371 1187 594 1235 hominum,
631 1181 768 1227 dcerte
799 1191 845 1227 ut
870 1184 1211 1234 Christianorum,
1243 1190 1290 1226 ut
1320 1184 1437 1225 facile
1460 1199 1507 1225 ac
1538 1184 1715 1226 libenter
1743 1199 1837 1225 con-

375 1253 583 1301 donemus,
621 1267 713 1308 quae
737 1251 778 1292 in
803 1266 875 1291 nos
905 1256 1000 1291 sunt
1024 1250 1247 1299 commissa,
1284 1250 1387 1292 sicut
1411 1250 1526 1291 Deus
1549 1250 1666 1291 nobis
1689 1250 1837 1291 condo-

375 1325 449 1360 nat
483 1318 525 1359 in
552 1318 729 1366 Christo,
760 1318 870 1372 Eph.
893 1316 945 1357 iv.
972 1317 1056 1357 32:

378 1403 487 1443 vffcp
513 1404 567 1427 wv
589 1404 644 1427 ΤΟ
671 1381 744 1445 ζῆν
769 1380 1003 1425 υπΕυΘυνΟν
1027 1401 1084 1444 Τιη
1111 1379 1291 1425 ΚΟλασΕι
1316 1401 1492 1439 ‘yn‘eTaL
1525 1401 1613 1424 ‘rwv
1646 1401 1836 1433 ΙΙΟίΚηΚΟ·

378 1469 478 1499 των,
502 1452 612 1494 Θεοῦ
634 1447 766 1511 φύσει
788 1432 1068 1508 προσετέθη,
1077 1447 1135 1489 ait
1159 1447 1417 1503 eJosephus.
1443 1449 1517 1489 ira
1535 1461 1693 1489 vacare
1716 1449 1838 1489 circa

377 1531 441 1565 ea,
471 1518 520 1558 ob
553 1531 646 1571 quae
669 1523 860 1557 nocentes
875 1529 1014 1569 poenoe
1038 1515 1188 1555 mortis
1218 1522 1317 1556 sunt
1341 1515 1524 1563 comasii,
1551 1514 1611 1554 ad
1640 1514 1838 1554 divinam

376 1591 583 1624 naturam
608 1582 787 1624 accedit.

476 1651 500 1691 2
550 1649 706 1690 Seneca
727 1648 779 1689 de
796 1646 1012 1702 Principe:
1039 1648 1185 1701 Lonqe
1209 1648 1266 1688 sit
1284 1648 1331 1687 in
1352 1647 1442 1688 suis
1461 1660 1587 1699 quam
1612 1646 1660 1686 in
1683 1645 1839 1687 alienis

376 1716 639 1756 emorabilior
673 1714 862 1768 injuriis.
924 1715 1047 1754 Nam
1081 1714 1434 1766 quemadmodum
1471 1726 1553 1753 non
1590 1719 1651 1753 est
1689 1711 1840 1765 mayni

376 1782 516 1821 animi
550 1782 623 1835 qui
652 1782 703 1821 de
738 1781 879 1821 alieno
917 1779 1111 1820 liberalis
1141 1786 1214 1827 est,
1247 1780 1321 1820 sed
1351 1779 1425 1820 ille
1460 1779 1536 1832 qui
1571 1778 1683 1832 quod
1710 1777 1841 1818 alteri

1097 1336 1151 1359 ΤΟ
1179 1335 1238 1373 ΎΕ
1273 1336 1372 1375 περ(
1407 1335 1575 1359 ‘TOUva
1609 1336 1689 1374 αΟρ
1694 1334 1837 1372 ’γηΤΟΙΙ

434 1896 449 1917 ‘1
473 1896 562 1925 Certe
581 1898 614 1924 ut
637 1892 901 1931 Christianorum]
926 1894 1073 1922 Theodo-

376 1947 449 1982 sius,
470 1949 506 1974 ut
520 1945 727 1974 Antiochenis
742 1944 934 1972 condonaret
956 1943 1073 1970 crimen

374 1997 407 2025 in
427 2005 459 2025 se
482 1995 692 2030 commissum,
714 2003 733 2022 a
755 1993 905 2021 Flaviano
925 1992 1073 2029 episeopo

374 2046 437 2074 illis
463 2045 599 2073 maxime
630 2043 748 2073 Christi
781 2042 883 2071 verbis
912 2044 1074 2079 permotus

374 2096 454 2124 fuit:
476 2095 594 2123 dimitte
616 2094 690 2129 illis,
713 2093 823 2128 Pater,
845 2092 922 2130 quia
938 2091 1075 2120 nesciunt

374 2145 453 2183 quid
460 2144 598 2183 faciunt.
641 2143 758 2171 Narrat
774 2141 1015 2179 Chrysostomus
1039 2139 1076 2168 de

377 2194 498 2224 statuis
521 2193 678 2222 vicesima.
724 2192 831 2230 [Tom.
846 2199 893 2220 vl.
918 2198 990 2228 pag.
1006 2190 1075 2219 602.

375 2244 464 2273 Edit.
484 2241 598 2280 Savil.]

434 2298 448 2313 θ
469 2290 639 2330 Joseplzus]
660 2291 807 2328 Antiquae
829 2288 984 2318 Historiae
1005 2287 1075 2317 Lib.

1140 1902 1178 1923 11.
1195 1893 1280 1931 (cap.
1296 1893 1335 1923 vi.
1353 1893 1369 1931 ἓ
1385 1894 1413 1924 9.
1430 1894 1574 1922 division.
1589 1892 1751 1931 Hudson.)

1201 1942 1212 1963 f
1229 1943 1296 1972 IVec
1312 1944 1478 1981 quicquam
1491 1952 1554 1972 esse
1567 1943 1735 1981 qloriosz‘us
1747 1943 1840 1981 prin-

1140 1992 1207 2029 cipe
1221 1992 1342 2030 impune
1352 1991 1438 2029 laeso]
1455 1992 1696 2030 Chrysostomus
1707 1993 1736 2020 in
1747 1993 1841 2022 laude

1142 2042 1333 2071 clementiae:
1357 2041 1494 2070 ἅπαντα
1508 2042 1566 2079 μὲν
1581 2041 1648 2079 ’γάρ
1670 2041 1840 2079 ἄνθρωπον

1141 2091 1243 2119 τοῦτο
1269 2094 1404 2128 κοσμεῖν
1432 2091 1582 2119 δύναται·
1614 2090 1841 2128 διαφερόντως

1142 2141 1175 2168 δὲ
1202 2141 1278 2169 τοὺς
1301 2141 1334 2169 ἐν
1362 2140 1537 2178 ἐξουσίαις.
1562 2139 1603 2168 τὸ
1633 2138 1699 2177 ’γάρ
1727 2139 1840 2169 πάντα

1142 2194 1251 2219 ποιεῖν
1284 2189 1528 2227 ἐπιτρεπούσης
1561 2189 1622 2221 τῆς
1654 2188 1840 2225 βασιλείας,

1143 2238 1300 2277 κατέχειν
1314 2238 1444 2275 ἑαυτὸν,
1466 2236 1594 2266 καὶτὸν
1607 2237 1667 2266 τοῦ
1688 2238 1769 2266 Θεοῦ
1788 2238 1841 2267 νό-

1142 2300 1202 2326 μον
1218 2288 1361 2326 ἡγεμόνα
1377 2286 1547 2316 ποιεῖσθαι
1561 2287 1629 2316 τῶν
1650 2285 1765 2325 ἔργων,
1784 2286 1841 2324 μέ-

451 2461 474 2491 4
506 2457 555 2492 So
574 2457 754 2491 Ambrose
778 2468 872 2502 says,
898 2456 980 2490 that
995 2457 1068 2501 for
1089 2467 1112 2489 a
1131 2455 1223 2500 qood
1241 2466 1327 2488 man
1348 2460 1380 2488 to
1397 2454 1498 2488 relax
1517 2454 1705 2488 somewlzat
1724 2455 1770 2500 of
1787 2453 1839 2487 his

378 2515 501 2560 rz’yhts,
521 2515 550 2548 is
572 2520 632 2548 not
657 2515 739 2559 only
769 2526 793 2547 a
813 2514 916 2559 point
946 2514 993 2558 os
1007 2512 1194 2556 liberality,
1215 2513 1274 2545 but
1300 2513 1396 2556 often
1426 2512 1473 2555 of
1495 2511 1726 2545 convenience.
1789 2511 1840 2544 So

378 2572 558 2606 Aristides
574 2571 773 2616 persuades
788 2571 891 2604 cities
907 2574 946 2604 to
964 2570 1107 2615 pardon
1124 2569 1198 2602 and
1218 2568 1392 2610 concede,
1405 2568 1437 2601 if
1449 2568 1478 2601 it
1493 2567 1540 2602 be
1557 2578 1630 2612 any
1646 2567 1840 2601 moderate

378 2632 537 2669 matter3
568 2628 705 2672 adding
723 2627 786 2661 the
803 2638 946 2667 reason,
964 2628 1039 2660 that
1059 2638 1138 2660 even
1159 2626 1197 2658 in
1212 2626 1353 2670 private
1366 2636 1512 2670 persons
1530 2624 1595 2658 this
1616 2624 1644 2658 is
1663 2623 1837 2657 laudable.

379 2685 429 2718 So
450 2684 674 2730 Xenophon,
695 2684 767 2718 and
786 2684 1002 2729 Apollonius
1024 2684 1061 2716 in
1083 2683 1342 2716 Philostratus.

448 2741 518 2775 III.
573 2745 587 2775 1
623 2741 725 2775 With
753 2741 885 2786 regard
911 2745 949 2774 to
971 2739 1240 2785 punishments‚
1261 2739 1290 2773 it
1310 2739 1352 2779 is,
1375 2738 1414 2771 in
1438 2736 1504 2772 the
1530 2737 1611 2771 first
1631 2737 1748 2782 place,
1772 2745 1840 2770 our

378 2795 480 2841 duty,
498 2798 531 2830 if
550 2801 616 2831 not
646 2809 685 2831 as
716 2809 813 2838 men,
833 2802 872 2831 at
896 2797 989 2831 least
1015 2808 1054 2830 as
1084 2796 1299 2834 Christians,
1328 2798 1367 2828 to
1397 2794 1538 2839 forgive
1562 2793 1738 2837 willingly
1764 2791 1837 2825 and

377 2852 496 2898 freely
527 2854 683 2888 offensos
715 2855 859 2898 against
888 2865 941 2894 us,
970 2864 1009 2888 as
1040 2852 1123 2887 God
1154 2853 1192 2886 in
1221 2851 1344 2886 Christ
1369 2851 1530 2896 forgives
1566 2861 1634 2884 our
1660 2848 1827 2883 offensos.
