2018 3204
327 130 411 172 3?ss
615 136 682 169 DE
715 134 985 170 POENARUM
1018 133 1499 168 COMMUNICATIONE.
1624 129 1786 176 [L1n.11.

427 244 591 286 XVIII.
645 242 759 283 Idem
783 239 997 281 dicendum
1015 239 1066 281 de
1089 239 1270 296 singulis,
1291 239 1360 295 qui
1383 253 1464 280 non
1481 244 1783 289 consenserunt,

327 308 433 351 malo
475 308 694 350 afficiendis
740 306 846 347 circa
889 319 938 347 ea
983 319 1076 360 quae
1121 305 1302 362 ipsorum
1344 310 1451 355 sunt,
1496 305 1547 347 ob
1594 304 1784 348 delictum

328 373 615 416 universitatis.

429 440 547 481 XIX.
603 439 754 480 Haeres
783 452 880 479 vero
919 452 990 479 cur
1025 436 1076 479 de
1111 436 1257 478 ceteris
1286 437 1432 479 debitis
1466 442 1668 488 teneatur,
1704 432 1785 478 hde

112 515 143 540 1
157 516 193 539 20
210 516 240 539 D
255 516 288 540 <le
327 519 448 561 poena
470 519 552 545 non
572 509 774 554 teneatur,
799 503 903 545 sicut
923 518 948 545 a
972 503 1100 545 Paulo
1118 502 1405 559 jurisconsulto
1429 502 1623 578 scriptum
1647 507 1720 552 est,
1745 504 1786 545 si

110 552 170 576 pun
176 547 205 570 i.s

113 911 174 941 Pag,
189 912 234 935 320
244 917 266 934 c.

320 585 453 626 poena
477 571 615 612 alicui
638 572 875 625 irroyatur,
911 577 1123 624 receptum
1146 577 1206 611 est
1236 570 1517 611 commentitio
1530 583 1630 623 yure
1653 583 1703 610 ne
1725 570 1787 610 acl

327 637 511 678 haeredes
534 643 738 686 transeat,
775 649 876 677 vera
899 649 1020 676 causa
1054 635 1142 676 haec
1165 640 1238 684 est,
1268 634 1377 690 quod
1411 634 1542 676 haeres
1570 648 1785 690 personam

329 701 509 743 defuncti
532 701 673 750 refert,
699 715 780 741 non
802 700 845 741 in
869 700 1024 742 meritis
1056 714 1147 755 quae
1170 705 1264 741 sunt
1287 714 1399 742 mere
1429 699 1671 755 personalia,
1696 694 1786 741 ised.

328 767 370 808 in
394 766 521 815 bonis,
547 766 693 821 quibus
716 772 762 808 ut
786 767 1041 808 cohaererent
1063 780 1111 807 ea
1135 780 1227 820 quae
1252 765 1372 807 alicui
1395 766 1597 807 debentur
1620 780 1673 806 ex
1696 765 1786 820 ipsa.

327 847 466 874 rerum
487 832 776 887 inaequalitate,
798 832 915 873 simul
937 846 1026 873 cum
1051 831 1227 873 dominio
1252 830 1329 873 fuit
1351 830 1640 873 introductum.
1677 830 1787 872 Dion

329 897 579 940 Prusaeensis
599 899 858 940 Rhodiaca:
884 895 1062 941 ἅπαντα
1086 894 1317 957 ὀφείλουσι
1350 895 1409 939 τοὶ
1438 915 1527 939 των
1557 894 1788 956 προγόνων

329 984 412 1024 Ουχ
449 983 583 1015 ηΤΤΟν
620 983 760 1006 αυΤωΙΙ
791 983 953 1007 ΕΚΕΗΙωΙ]
986 983 1042 1008 619
1071 957 1137 1009 Οὓς
1172 959 1223 1006 CIV
1260 982 1374 1005 71'07'6
1406 958 1620 1013 ΚαθήΚΕΤΟ
1644 959 1784 1019 ὙένΟς-

328 1049 376 1072 ου
412 1048 507 1089 *γαρ
541 1026 819 1090 αφιστασθαι
856 1027 1030 1090 φήσετε
1066 1031 1146 1079 τῆς
1181 1023 1394 1088 ὃιαοοχῆς
1429 1042 1521 1081 quae
1555 1029 1788 1070 debuerunt

327 1110 521 1149 majores,
558 1110 609 1137 ea
643 1109 729 1137 non
760 1096 902 1137 minus
935 1096 1079 1136 debent
1111 1096 1302 1149 posteri;
1340 1109 1470 1149 neque
1504 1094 1614 1135 enim
1647 1095 1788 1136 dicere

320 1162 500 1216 potestis
523 1162 800 1215 repudiatam
823 1175 852 1201 a
875 1161 995 1201 nobis
1017 1162 1305 1202 hereditatem.

423 1226 520 1268 XX.
590 1227 645 1267 Et
667 1226 761 1266 hinc
784 1225 980 1281 sequitur,
1004 1232 1050 1267 ut
1073 1225 1106 1266 si
1126 1225 1236 1268 ultra
1254 1224 1444 1267 meritum
1467 1239 1575 1267 nova
1598 1224 1787 1281 quaedam

327 1305 448 1333 causa
471 1290 730 1348 obligationis
751 1290 967 1340 exstiterit,
993 1290 1134 1332 deberi
1147 1290 1233 1346 jam
1257 1290 1384 1346 possit
1404 1290 1446 1332 id
1470 1291 1580 1347 quod
1603 1291 1644 1332 in
1667 1305 1788 1346 poena

327 1363 430 1407 erat,
456 1371 689 1412 quanquam
714 1370 795 1397 non
826 1355 992 1412 proprie
1015 1362 1061 1397 ut
1091 1370 1222 1412 poena.
1295 1356 1362 1397 Sic
1385 1356 1480 1397 alibi
1508 1361 1601 1412 post
1623 1361 1787 1397 senten-

326 1422 438 1473 tiam,
463 1422 560 1465 alibi
582 1427 676 1478 post
696 1421 808 1463 litem
829 1424 1133 1472 ficontestatam,
1159 1421 1306 1477 quibus
1324 1421 1448 1463 rebus
1471 1421 1532 1463 vis
1555 1426 1789 1463 contractus

386 1540 402 1562 ¹¹
422 1542 474 1571 De
495 1551 590 1579 poena
614 1550 674 1570 non
698 1540 851 1578 teneatur]
889 1541 1024 1570 Maimo-
1095 1541 1150 1580 qui
1169 1551 1186 1571 e
1208 1542 1271 1571 vita
1291 1542 1490 1580 emigraverit
1510 1543 1641 1582 propius
1660 1543 1791 1572 accedat

328 1592 417 1621 nides
432 1592 525 1620 titulo
540 1590 610 1621 ,Ἴδη
625 1600 651 1620 e.
667 1591 718 1620 vii.
735 1591 873 1619 sectione
889 1590 916 1620 G.
962 1590 1026 1620 Ge·
1096 1601 1189 1629 quam
1208 1592 1317 1628 haeres,
1340 1596 1376 1621 ut
1396 1593 1507 1622 Cicero
1528 1593 1573 1622 ait
1595 1593 1732 1622 secundo
1753 1593 1791 1621 cle

328 1650 415 1670 mara
429 1641 518 1670 Baba
533 1641 631 1670 Cama
646 1650 713 1678 cap.
729 1650 759 1668 x.
778 1639 795 1678 ἓ
813 1642 839 1668 1.
1095 1641 1242 1680 Leyibus,
1265 1641 1353 1680 (cap.
1367 1641 1431 1680 19.)

387 1691 395 1711 ¹
420 1690 483 1719 Sed
496 1691 528 1719 in
543 1689 645 1728 bonis]
667 1690 749 1719 Vide
765 1689 941 1719 Concilium
963 1690 1025 1718 To·
1155 1688 1168 1706 ⁰
1190 1690 1241 1718 lta
1255 1690 1333 1719 Jure
1351 1690 1442 1719 Civili
1456 1690 1681 1720 Romanorum.
1709 1690 1791 1720 Vide

328 1741 469 1770 letanum
491 1748 567 1768 V111.
597 1740 629 1767 in
656 1748 750 1768 eausa
773 1739 1026 1768 Recceswinthi:
1096 1737 1134 1766 L.
1152 1737 1190 1767 26
1204 1740 1236 1766 et
1250 1738 1300 1766 58.
1314 1736 1360 1765 D.
1377 1736 1427 1766 De
1442 1737 1542 1775 Obliq.
1555 1741 1583 1766 et
1597 1740 1659 1766 act.
1673 1737 1712 1766 L.
1724 1739 1790 1773 139,

329 1790 399 1818 vide
414 1798 484 1827 quae
504 1798 600 1826 supra
617 1789 677 1817 hoc
700 1789 793 1823 libro,
818 1797 843 1816 c.
860 1788 919 1816 xiv.
945 1787 962 1826 ἓ
979 1789 1026 1817 10.
1096 1786 1166 1816 164.
1206 1786 1258 1814 De
1271 1786 1384 1815 divers.
1406 1785 1485 1824 Ray.
1500 1786 1576 1815 Jur.
1600 1786 1639 1815 L.
1653 1787 1683 1816 3.
1707 1786 1725 1824 ἓ
1745 1789 1790 1816 11.

330 1838 427 1867 Nulla
448 1840 497 1868 est
518 1846 652 1875 persona
677 1847 746 1874 quae
769 1837 808 1865 ad
836 1837 935 1865 vicem
961 1837 1028 1874 ejus
1095 1836 1147 1865 De
1162 1836 1304 1866 Peeulio.

399 2002 542 2037 XVIII.
596 2002 675 2037 The
695 2013 795 2037 same
817 2014 902 2049 may
924 2002 969 2038 be
990 2002 1069 2038 said
1089 2003 1131 2038 of
1148 2002 1211 2037 the
1233 2003 1304 2037 evil
1324 2002 1489 2037 inflicted
1513 2001 1675 2048 through
1691 2002 1791 2037 their

332 2063 519 2105 property,
537 2070 579 2093 or
597 2058 660 2093 the
681 2060 766 2100 like,
784 2071 885 2106 upon
906 2060 1126 2095 individuals
1145 2059 1225 2093 who
1246 2059 1339 2093 have
1360 2063 1424 2094 not
1443 2059 1644 2093 consented
1665 2063 1704 2094 to
1725 2059 1789 2093 the

331 2117 456 2156 crime,
475 2127 523 2150 on
540 2120 698 2151 account
714 2116 756 2150 of
773 2117 837 2151 the
854 2117 966 2151 delict
984 2117 1026 2151 of
1042 2116 1105 2151 the
1125 2116 1276 2161 general
1292 2116 1401 2162 body.

403 2173 513 2207 XIX.
565 2172 606 2206 If
626 2184 679 2207 we
698 2173 764 2207 ask
783 2173 877 2219 why,
901 2174 1002 2208 since
1019 2173 1083 2208 the
1100 2173 1181 2207 heir
1196 2173 1226 2207 is
1242 2172 1369 2206 bound
1390 2176 1428 2207 to
1455 2172 1520 2206 the
1549 2171 1656 2206 other
1681 2171 1788 2206 debts

332 2229 373 2264 of
391 2229 455 2264 the
474 2229 664 2270 deceased,
676 2229 723 2263 he
744 2230 773 2263 is
790 2235 857 2264 not
874 2230 1000 2264 bound
1018 2234 1056 2264 to
1073 2230 1129 2264 his
1146 2229 1396 2275 punishment,
1413 2239 1452 2263 as
1469 2228 1607 2263 Paulus
1624 2239 1706 2274 says
1723 2228 1788 2263 the

331 2287 647 2320 commentators*
669 2285 762 2320 have
788 2287 956 2328 decided,
981 2286 1053 2321 this
1084 2287 1113 2321 is
1144 2286 1208 2320 the
1237 2290 1320 2321 true
1346 2297 1478 2327 cause3
1503 2285 1586 2320 that
1615 2284 1678 2319 the
1707 2285 1790 2320 heir

331 2346 540 2388 represents
566 2342 630 2377 the
650 2353 785 2387 person
806 2343 849 2377 of
871 2343 934 2377 the
961 2343 1152 2384 deceased,
1172 2346 1239 2377 not
1266 2344 1305 2377 in
1328 2342 1385 2377 his
1412 2343 1563 2382 deserts,
1580 2341 1699 2376 which
1725 2353 1790 2376 are

332 2403 485 2433 matters
507 2399 649 2444 merely
670 2400 853 2444 personal,
872 2399 940 2434 but
961 2400 999 2433 in
1028 2399 1085 2434 his
1110 2399 1353 2445 possessions3
1376 2399 1450 2433 and
1478 2398 1567 2432 with
1593 2398 1696 2432 them
1725 2409 1790 2433 are

330 2455 565 2501 inseparably
585 2455 790 2490 connected
803 2455 860 2490 his
877 2456 983 2490 debts
995 2469 1004 2497 3
1029 2456 1102 2490 and
1120 2456 1356 2501 accordingly
1376 2456 1448 2490 this
1469 2455 1549 2490 rule
1567 2465 1671 2489 came
1690 2454 1729 2489 in
1750 2465 1789 2489 as

331 2523 423 2546 soon
442 2523 482 2547 as
500 2511 706 2557 ownership
728 2523 831 2547 came
852 2513 902 2547 in.
956 2513 1006 2547 So
1023 2513 1096 2547 Dio
1113 2513 1348 2547 Prusaeensis.

391 2593 410 2613 *
431 2593 642 2623 Commeuiitio
657 2593 747 2632 jare]
777 2594 913 2623 Difficile
938 2594 1013 2623 satis
1037 2596 1085 2623 est
1107 2593 1246 2629 definire,
1273 2593 1349 2631 quid
1372 2593 1530 2631 intelligat
1552 2593 1691 2630 PauHus,
1715 2592 1792 2622 dum

331 2642 408 2671 illud
415 2642 471 2679 jus
485 2643 720 2671 commentitium
735 2647 837 2674 vocat.
867 2643 949 2673 Vide
963 2643 1007 2672 A.
1019 2643 1180 2679 FAssnun,
1195 2643 1338 2680 Jurz'spr.
1353 2642 1524 2680 Papinian.
1540 2642 1600 2672 Tit.
1609 2651 1630 2671 1.
1643 2642 1790 2680 Princip.

331 2692 377 2721 11.
401 2692 486 2722 Illat.
509 2693 538 2721 5.
581 2692 694 2722 MARc.
719 2693 953 2729 LYCKLAMAM,
974 2693 1151 2723 DIembran.
1174 2701 1198 2722 1.
1222 2693 1251 2722 9.
1294 2692 1368 2721 JAC.
1394 2692 1623 2721 GOTIIOFRED.
1647 2691 1680 2720 iu
1701 2692 1741 2721 L.
1760 2693 1790 2720 1.

332 2739 382 2768 De
397 2741 493 2778 Ressq.
511 2741 584 2769 ιῙυν.
610 2750 683 2779 pag.
701 2742 730 2772 5.
761 2742 809 2771 Cl.
833 2743 1042 2771 Scnmsnxe.
1063 2741 1250 2779 Jurisprud.
1267 2739 1484 2770 Ante-Justin.
1507 2749 1581 2778 pag.
1596 2740 1664 2770 675.
1687 2740 1746 2769 col.
1761 2741 1788 2768 1.

332 2788 400 2817 init.
441 2790 586 2827 Expendi
605 2792 699 2820 etiam
718 2795 824 2830 potest
843 2801 924 2821 nova
940 2792 1172 2829 interpretatio,
1193 2801 1264 2829 quae
1283 2791 1402 2829 legitur
1422 2791 1455 2819 in
1478 2790 1569 2820 Actis
1583 2790 1790 2819 Eruditorum

332 2838 553 2875 Lipsiensibus,
574 2850 648 2870 ann.
664 2843 750 2870 1714.
773 2851 847 2879 pag.
862 2842 929 2871 555.
952 2842 1006 2870 ubi
1025 2841 1094 2869 vult
1114 2841 1237 2869 Auctor
1253 2840 1336 2870 Clar.
1354 2840 1618 2874 WAEchLERus‚
1635 2838 1689 2876 jus
1710 2847 1788 2866 com-

331 2887 498 2916 mentitium
514 2898 589 2924 esse,
611 2891 695 2927 quod
708 2900 745 2919 ex
761 2891 890 2919 notione
904 2891 1038 2928 quadam
1055 2890 1213 2918 communi
1228 2890 1338 2918 oritur.
1379 2889 1413 2917 J.
1429 2889 1470 2917 B.
