2018 3204
146 151 235 187 cip.
256 149 417 195 XXIV]
449 151 650 188 MONITA
680 153 746 187 DE
778 152 889 188 NON
919 152 1125 187 TEMERE
1157 151 1328 194 ETIAM,
1358 152 1466 188 ETC.
1520 147 1602 186 413

144 266 306 317 pertum
343 265 416 310 est,
451 259 587 302 statim
619 265 691 301 aut
727 264 917 315 oportere
952 260 1101 302 bellum
1138 259 1296 316 suscipi,
1334 266 1406 301 aut
1443 275 1603 316 semper

144 326 266 368 etiam
291 326 425 368 licere.
487 326 643 368 Contra
672 325 778 366 enim
809 325 957 376 evenit,
987 332 1032 367 ut
1063 326 1302 381 plerumque
1335 325 1464 382 magis
1492 326 1602 381 pium

143 398 381 447 rectumque
403 391 455 433 sit
484 391 535 432 de
559 391 654 446 jure
679 406 750 432 suo
781 391 939 432 cedere.
1010 391 1117 433 Nam
1142 398 1294 433 nostrae
1319 406 1480 447 quoque
1504 391 1600 432 vitae
1620 405 1819 444 W'iet.deJure

145 472 283 499 curam
313 457 483 498 honeste
517 456 662 505 deseri,
695 463 742 497 ut
770 456 939 497 alterius
963 462 1005 498 et
1034 457 1129 498 vitae
1161 463 1202 499 et
1231 457 1351 498 saluti
1375 463 1598 512 perpetuae,
1617 437 1818 491 gammam

144 528 342 578 quantum
369 521 410 563 in
434 521 549 562 nobis
580 527 654 570 est,
681 521 945 570 consulamus,
977 536 1101 577 supra
1125 536 1197 563 suo
1228 522 1315 563 loco
1347 522 1499 564 dictum
1524 529 1598 565 est.

143 587 324 629 Maxime
348 592 484 628 autem
510 585 752 627 Christianis
782 587 859 627 hoc
888 587 1089 635 convenit,
1116 587 1185 642 qui
1214 587 1255 628 in
1279 602 1326 628 eo
1358 587 1601 642 perfectissi-

143 667 253 694 mum
276 651 430 694 Christi
459 651 670 693 imitantur
696 651 937 707 exemplum,
969 652 1037 706 qui
1061 667 1136 708 pro
1166 653 1281 694 nobis
1307 653 1440 694 adhuc
1467 653 1600 709 impiis

143 724 186 760 et
214 717 370 760 infestis
393 717 496 758 mori
523 717 662 766 voluit,
694 718 810 758 Rom.
837 731 875 759 V.
902 719 941 758 6.
1006 718 1126 767 Quod
1159 718 1289 774 ipsum
1321 718 1447 759 multo
1476 719 1600 760 etiam

142 783 273 841 magis
303 797 376 824 nos
399 782 565 832 exeita-t,
598 797 649 823 ne
672 797 739 824 res
771 788 931 824 nostras
955 789 1026 825 aut
1047 783 1162 825 nobis
1192 784 1350 825 debitas
1381 798 1600 839 persequa-

142 865 235 891 mur
271 864 361 891 cum.
394 854 509 891 tanto
544 848 715 890 aliorum
754 847 1020 899 incommodo,
1063 856 1258 905 quantum
1291 863 1426 890 seeum
1461 850 1602 892 ferunt

143 915 261 959 bella.

237 983 262 1022 2
309 981 427 1023 ⁸Non
459 980 510 1023 ob
538 980 724 1036 quamvis
754 994 916 1022 causam
945 980 1069 1023 talem
1099 981 1249 1023 bellum
1285 980 1597 1036 suscipiendum,
1620 996 1694 1050 Rlzzfg.
1709 996 1758 1049 0113

142 1051 184 1088 et
209 1046 450 1089 Aristoteles
481 1053 630 1095 monet,
664 1052 705 1088 et
729 1046 937 1102 Polybius.
997 1047 1084 1088 Nec
1107 1061 1132 1088 a
1155 1046 1364 1088 veteribus
1391 1047 1599 1089 ¹laudatus
1616 1030 1778 1081 ῗίἷίῗῖνσ-’ὲῑ-

141 1112 354 1162 Hercules,
387 1112 496 1167 quod
534 1112 801 1153 Laomedonti
836 1117 878 1153 et
914 1111 1066 1167 Augiae
1105 1126 1222 1153 arma
1255 1111 1394 1154 intulit
1431 1113 1482 1154 ob
1519 1127 1599 1154 non
1619 1127 1733 1151 Pausan.
1747 1134 1771 1151 v.
1786 1126 1809 1151 2.

140 1178 313 1220 solutam
347 1177 497 1219 laboris
530 1177 773 1218 mercedem.
831 1177 939 1218 Dion
969 1177 1219 1218 Prusaeensis
1248 1177 1290 1218 in
1317 1191 1367 1218 ea
1401 1178 1598 1228 oratione,

141 1257 233 1299 quae
254 1249 323 1285 est·
339 1243 390 1285 de
414 1243 520 1284 bello
545 1248 586 1284 et
610 1257 721 1298 pace,
747 1256 827 1283 non
850 1243 926 1284 hoc
955 1248 1114 1284 tantum
1146 1243 1204 1285 ait
1229 1242 1358 1298 quaeri
1387 1244 1530 1293 solere,
1564 1249 1599 1287 εἰ
1618 1255 1738 1286 p-2750.

144 1307 427 1364 συμβέβηκεν
450 1303 625 1360 ἀδίκημα
651 1305 771 1368 παρά
798 1305 981 1356 τούτων,
1007 1311 1064 1354 οἷς
1088 1303 1353 1351 διανοοῦνται
1378 1310 1599 1358 πολεμεῖν,

141 1391 201 1416 an
223 1376 391 1430 injuria
409 1383 584 1430 accepta
602 1375 659 1416 sit
676 1376 731 1416 ab
752 1376 831 1423 leis,
856 1376 904 1416 cle
928 1376 1082 1429 quibus
1101 1376 1203 1415 bello
1220 1376 1418 1428 petendis
1437 1376 1599 1428 emitur,

141 1441 214 1482 sed
243 1440 378 1488 etiam,
413 1437 599 1492 πήλικόν
630 1459 683 1482 τε
716 1442 853 1483 τοῦτο
877 1438 1172 1494 συμβεβηκὸς,
1198 1442 1352 1494 quanti
1381 1442 1601 1482 oestz'man-

142 1508 248 1547 dum
272 1507 330 1548 sit
353 1507 413 1555 id,
441 1507 552 1559 quod
575 1506 748 1547 accidit.

143 1622 371 1660 ὑπομένοντες,
404 1622 537 1652 ἐπειδάν
568 1634 655 1651 τινες
684 1621 766 1660 ἡμᾶς
796 1622 839 1652 τά

143 1673 262 1709 νόμιμα
292 1675 391 1701 κινεῖν
419 1671 641 1710 ἀναγκάζωσι,
672 1672 756 1701 τότε
784 1673 837 1701 καὶ

141 1721 234 1757 παρά
255 1722 386 1757 δύναμιν
409 1721 583 1758 αἱρούμεθα
598 1721 763 1759 πολέμους
784 1721 838 1750 καὶ

140 1771 238 1810 μέχρι
251 1772 317 1799 τῶν
328 1770 483 1809 ἐσχάτων
495 1774 570 1799 ταῖς
581 1774 767 1808 συμφοραῖς
780 1771 836 1808 ἐγ-

140 1821 373 1858 καρτεροῦμσν·
395 1829 488 1858 neque
511 1820 838 1857 nostrijbrez'lztdinem

141 1874 289 1906 exercent,
302 1874 335 1899 nt
347 1879 422 1899 suas
436 1879 484 1898 res
498 1873 639 1908 auqeant,
652 1870 706 1899 secl
715 1873 747 1898 ut
757 1871 838 1908 [eyes

140 1919 218 1958 ipsis
233 1922 375 1948 maneant
391 1930 399 1948 .·
424 1922 525 1947 cetera
541 1919 637 1956 iyitur
652 1919 767 1947 (lamna
779 1920 835 1956 fe-

139 1972 238 1998 rentes
252 1969 368 2003 leniter,
385 1968 437 1996 ubi
451 1970 529 2003 sunt,
547 1968 601 2005 qni
615 1977 669 1996 nos
683 1977 703 1995 α
719 1968 836 2005 leyibus

141 2021 250 2056 coqant
265 2017 429 2053 discedere,
445 2020 515 2046 tunc
530 2017 622 2045 etiam
639 2026 738 2054 supra
754 2018 834 2046 vires

139 2068 220 2097 bella
233 2068 389 2102 sumimus,
410 2070 438 2095 et
455 2066 500 2095 ad
513 2066 623 2095 ultima
637 2075 730 2104 usque
748 2067 834 2096 mala

904 1622 1069 1660 Iludsnn.)

966 1672 974 1688 1
999 1672 1059 1701 Sed
1074 1681 1131 1701 nec
1145 1673 1352 1711 vituperatus,
1364 1673 1473 1702 saltem
1486 1683 1504 1702 a
1515 1674 1604 1703 Pm-

904 1730 1010 1757 ςΛΝῐΛ,
1032 1722 1119 1760 cujus
1134 1723 1221 1751 locus
1236 1723 1266 1751 in
1283 1733 1338 1752 ora
1351 1724 1421 1753 libri
1437 1725 1603 1761 indicatur,

904 1775 936 1800 et
952 1772 1005 1800 ubi
1020 1772 1135 1801 dieitur
1153 1777 1288 1809 tantum,
1310 1774 1339 1802 in
1355 1775 1409 1803 illo
1424 1775 1507 1803 bello
1525 1775 1603 1804 nihil

903 1821 993 1850 valde
1008 1823 1244 1851 memorandum
1266 1824 1399 1861 gessisse
1415 1824 1601 1853 Herculem:

904 1871 956 1905 Τῷ
971 1870 1001 1898 δὲ
1014 1869 1175 1907 Ἠρακλεῖ
1189 1872 1272 1908 πρὸς
1287 1872 1346 1901 τὸν
1356 1872 1488 1910 Αὐγέαν
1498 1873 1602 1901 ’πολε-

901 1919 1029 1955 μοῦν-Π,
1058 1919 1147 1949 οὐδὲν
1172 1920 1320 1959 ὑπῆρχεν
1343 1921 1601 1951 ἀποδείκνυσθαι

901 1967 1067 2006 λαμπρὸν.
1099 1969 1196 1998 Forte
1211 1970 1336 2008 decepit
1351 1971 1523 2000 Auctorem
1539 1972 1602 2001 fes.

900 2018 1040 2047 tinanter
1054 2018 1225 2056 legentem,
1243 2023 1298 2048 aut
1313 2029 1351 2048 ex
1365 2021 1516 2049 memoria
1530 2021 1600 2050 lau-

900 2067 1037 2103 dantem,
1052 2077 1112 2106 vox
1126 2067 1181 2096 illa
1194 2067 1359 2106 λαμπρὸν.
1400 2069 1434 2097 J.
1452 2069 1493 2098 B.

139 2115 297 2144 duramus.
340 2115 437 2152 (Pag.
466 2114 534 2143 4932
560 2112 578 2151 ἓ
606 2113 654 2143 47.
689 2113 833 2144 division.

139 2277 223 2312 And
240 2277 313 2312 this
334 2278 363 2312 is
384 2277 580 2323 especially
596 2277 754 2313 suitable
772 2281 810 2313 to
828 2289 849 2312 a
870 2278 1084 2314 Christian’s
1101 2279 1312 2322 character3
1334 2280 1414 2317 who
1432 2282 1470 2317 in
1488 2282 1601 2331 doing

139 2335 224 2376 this,
245 2334 406 2368 imitatos
424 2334 487 2368 the
504 2334 647 2379 perfect
661 2335 828 2380 example
849 2335 892 2369 of
911 2336 1043 2376 Christ,
1065 2336 1146 2370 who
1164 2349 1236 2372 was
1252 2338 1386 2383 willing
1403 2344 1441 2374 to
1459 2340 1518 2374 die
1539 2341 1600 2375 for

140 2403 182 2426 us
202 2391 309 2425 when
330 2402 382 2425 we
408 2402 503 2425 were
529 2394 591 2435 yet
618 2391 780 2436 ungodly
805 2392 878 2426 and
904 2391 1049 2427 hostile.
1102 2393 1235 2428 Which
1264 2395 1293 2429 is
1319 2406 1340 2429 a
1364 2407 1494 2431 reason
1515 2397 1599 2443 why

139 2460 192 2483 we
209 2447 342 2482 should
360 2452 425 2481 not
446 2452 640 2492 prosecute
661 2459 729 2482 our
753 2448 869 2493 rights
891 2460 932 2483 or
957 2460 1025 2483 our
1045 2449 1135 2484 dues
1160 2456 1198 2485 to
1224 2451 1288 2485 the
1313 2452 1601 2490 inconvenience

140 2505 183 2540 of
200 2504 336 2545 others,
357 2509 395 2538 to
417 2515 457 2538 so
477 2508 582 2549 great
604 2515 651 2537 an
672 2509 798 2539 extent
817 2517 856 2539 as
877 2517 952 2540 war
968 2507 1166 2541 occasions.

209 2565 230 2595 2
261 2560 358 2595 That
385 2571 458 2594 war
487 2561 516 2594 is
546 2565 611 2594 not
638 2565 676 2595 to
704 2561 750 2596 be
771 2562 1001 2597 undertakcn
1023 2564 1082 2597 sor
1107 2575 1216 2610 every
1245 2564 1334 2599 such
1365 2577 1483 2607 cause,
1508 2566 1600 2601 both

138 2617 316 2653 Aristotle
344 2617 416 2651 and
445 2617 620 2662 Polybius
652 2617 760 2652 tcach
789 2630 842 2653 us.
896 2620 1074 2654 Hercules
1102 2621 1130 2655 is
1157 2626 1223 2655 not
1255 2619 1432 2666 praised*
1459 2623 1508 2668 by
1536 2623 1600 2658 the

139 2675 305 2709 ancients
326 2674 385 2708 for
405 2673 486 2708 that
513 2672 560 2707 he
588 2674 677 2708 took
704 2686 805 2721 away
833 2675 896 2710 the
920 2687 1017 2710 arms
1043 2676 1085 2710 of
1107 2677 1320 2711 Laomedon
1353 2679 1426 2712 and
1451 2680 1600 2724 Augias,

138 2732 296 2767 because
327 2730 414 2776 they
442 2730 504 2763 did
530 2735 595 2764 not
619 2742 691 2776 pay
719 2731 795 2765 him
826 2732 885 2766 for
907 2732 962 2766 his
985 2732 1126 2767 labour.
1177 2734 1249 2768 Dio
1271 2735 1495 2770 Prusoeensis
1516 2747 1599 2782 says

139 2788 221 2823 that
238 2787 300 2822 the
318 2787 487 2834 question
509 2787 536 2821 is
559 2792 596 2821 to
618 2787 664 2822 be
681 2787 805 2829 asked,
826 2793 892 2823 not
913 2788 1001 2834 only
1021 2789 1187 2824 whether
1207 2801 1254 2824 an
1275 2791 1396 2837 injury
1417 2791 1481 2826 has
1503 2792 1599 2829 been

172 2883 188 2898 ¹
211 2882 275 2912 But
290 2882 412 2911 neither
426 2881 451 2910 is
465 2882 503 2912 he
518 2882 652 2918 blamed,
668 2885 700 2911 at
715 2882 794 2912 least
809 2855 840 2914 iri
856 2883 908 2912 the
923 2892 1054 2922 passage
1070 2883 1104 2913 of
1117 2884 1289 2914 Pausanias
1305 2886 1435 2924 quoted.
1472 2886 1503 2916 J.
1514 2885 1553 2917 B.
