2018 3204
393 159 475 198 108
880 163 947 198 DE
978 161 1365 198 JUREJURANDO.
1691 160 1787 205 [Lm.
1804 163 1854 198 11.

394 275 538 323 tinere,
576 282 704 329 atque
747 275 814 314 ita
857 287 900 314 se
935 273 1169 314 veracitati
1203 273 1482 326 assuefacere,
1524 279 1573 312 ut
1614 273 1744 314 verba
1769 286 1856 326 pro

385 341 631 394 jurccmeuto
651 339 940 393 accipiantur.
1010 338 1094 378 yEt
1117 336 1241 378 alibi:
1276 335 1299 380 ὁ
1330 339 1411 380 τοῦ
1447 330 1683 380 σπουδαίου
1715 334 1855 394 λόγος

394 402 511 464 ὅρκος
567 400 687 447 ἔστω
725 399 931 457 βέβαιος,
986 399 1175 454 ἀκλινὴς,
1223 397 1578 459 ἀψευδέστατος·
1626 403 1723 445 Viri
1759 402 1857 444 boni

393 472 535 512 oratio
551 484 637 525 pro
664 470 914 523 juramento
937 469 994 510 sit
1020 469 1165 521 firmo,
1202 469 1480 518 immutabili,
1499 469 1665 523 fallere
1687 468 1857 510 nescio:

176 546 365 607 {fnyqifffggc
395 541 437 576 et
481 535 592 589 quod
634 534 685 575 de
729 534 896 575 Essenis
941 533 1175 587 Josephus:
1222 536 1309 576 πᾶν
1353 530 1407 576 τὸ
1441 531 1569 593 ῥηθὲν
1605 530 1673 577 ὑπ’
1712 530 1857 576 αὐτῶν

198 595 203 601 ”
234 594 240 600 ⁴
274 594 280 600 ’
368 593 373 600 ’
395 597 688 660 ἰσχυρότερον
706 596 847 659 ὅρκου,
874 597 928 642 τὸ
952 593 996 642 δὲ
1022 595 1188 647 ὀμνύειν
1210 596 1359 643 αὐτοῖς
1385 598 1688 658 περιΐσταται·
1730 600 1858 647 Quic-

394 667 500 721 quid
533 667 724 707 dixerint
761 666 956 708 validius
992 672 1053 706 est
1065 664 1381 718 jurejurando:
1419 680 1472 707 ac
1498 679 1768 720 supervacua
1791 678 1859 707 res

393 732 504 786 ipsis
526 732 707 773 habetur
718 731 888 784 jurare.

499 799 525 839 5
575 797 641 838 Ab
679 795 857 846 Essenis,
899 801 971 838 aut
1009 795 1286 838 Hebraeorum
1323 796 1402 838 illis
1442 810 1544 851 quos
1587 795 1718 838 secuti
1763 800 1859 837 sunt

178 870 359 905 Dice-Laert·
398 862 555 912 Esseni,
582 862 747 904 videtur
769 862 847 904 hoo
879 861 1069 903 sumsisse
1098 861 1407 919 ZPythagoras‚
1430 861 1545 917 cujus
1570 862 1659 903 haec
1694 866 1860 903 senten-

178 902 284 925 vm'w'
398 928 481 970 tia:
514 929 572 981 μὴ
602 926 770 979 ὀμνύναι
797 925 948 974 Θεούς·
988 924 1136 971 α’σκεῖν
1171 925 1267 987 ’γάρ
1302 925 1435 970 αὐτὸν
1473 922 1560 970 δεῖν
1595 925 1859 984 ἀξιόπιστον

398 992 630 1054 παρέχειν·
667 1009 757 1035 uon
779 995 1029 1048 jurandum
1054 1009 1138 1048 per
1169 995 1312 1035 Deos:
1348 1008 1551 1049 quemque
1573 994 1685 1035 enim
1705 994 1756 1034 icl
1786 1007 1861 1034 cu-

397 1074 500 1101 rare
535 1061 693 1108 debere,
723 1061 797 1101 aut
827 1075 900 1101 uec
923 1060 1082 1112 jurato
1117 1060 1203 1101 sibi
1242 1061 1461 1101 credatur.
1521 1058 1690 1115 Scythae
1728 1057 1780 1099 de
1817 1071 1861 1099 se

178 1128 333 1152 navae.
397 1125 452 1166 ad
476 1125 759 1167 Alexandrum
791 1125 935 1166 Curtio
964 1125 1197 1166 referente:
1233 1126 1435 1167 Jurando
1454 1126 1652 1179 qratiam
1677 1124 1862 1178 Scythas

397 1193 568 1234 sancire
607 1206 658 1233 ue
692 1192 955 1232 credideris:
991 1191 1162 1231 colendo
1194 1192 1327 1244 ficlem
1354 1191 1526 1244 jurant.
1599 1189 1743 1232 Cicero
1785 1203 1861 1245 pro

177 1261 241 1292 0³1³·
256 1261 293 1285 ¹6·
397 1256 546 1297 Roscio
580 1256 798 1298 Comoedo:
838 1258 941 1304 Quae
969 1270 1101 1310 poena
1134 1270 1163 1296 a
1196 1257 1302 1297 Diis
1330 1256 1646 1297 immortalibus
1674 1255 1860 1310 perjuro,

397 1323 486 1363 hoee
514 1324 657 1364 euclem
682 1323 880 1364 mendaci
902 1322 1136 1363 constituta
1167 1329 1239 1362 est.
1308 1322 1410 1362 IVon
1440 1323 1552 1363 enim
1583 1336 1635 1363 eoe
1660 1321 1864 1375 pactione

396 1389 623 1429 verborum
655 1389 812 1443 quibus
841 1387 1153 1440 jusjurandum
1187 1388 1572 1441 comprehenditur,
1600 1387 1674 1428 sed
1697 1401 1748 1428 em
1762 1400 1863 1440 per-

389 1454 506 1506 fidia
544 1459 585 1495 et
612 1453 803 1501 malitia,
827 1467 911 1507 per
946 1466 1078 1505 quam
1116 1453 1289 1493 insiclice
1325 1453 1558 1493 tenduntur
1588 1453 1742 1502 alicui,
1778 1451 1865 1492 Dii

177 1523 352 1578 ‘gx-{³33¹}
398 1520 662 1561 immortales
692 1519 936 1560 homiuibus
969 1517 1107 1559 irasci
1129 1525 1169 1559 et
1195 1532 1434 1559 succensere
1462 1525 1725 1563 consuerunt.
1791 1515 1866 1557 So-

397 1584 501 1626 lonis
541 1584 695 1626 dictum
739 1583 1002 1625 celebratur:
1051 1579 1388 1640 καλοκᾷὙαθὶαν
1427 1582 1555 1642 ὅρκου
1588 1580 1866 1642 πιστοτέραν

397 1646 503 1711 ἔχε·
537 1652 612 1692 Εα
639 1658 724 1693 esto
751 1650 987 1706 probitate,
1021 1656 1069 1690 ut
1103 1650 1143 1691 ei
1176 1650 1317 1703 mayis
1341 1663 1469 1702 quam
1495 1649 1742 1703 juramento
1777 1663 1865 1690 cre-

457 1772 472 1794 y
496 1767 541 1796 Et
556 1765 650 1805 alibi]
684 1767 735 1796 De
761 1766 950 1804 specialibus
972 1765 1098 1803 legibus

400 1815 490 1855 (pag.
506 1817 563 1847 769
579 1815 626 1854 c.)

455 1870 469 1884 ²
490 1864 707 1904 Pythayoras]
730 1865 811 1894 Nam
842 1867 874 1893 et
903 1864 1098 1902 Hermippus

397 1915 629 1954 Pythagoricus
650 1915 839 1952 Pythagorae
860 1914 1097 1951 Philosophiam

398 1966 438 1994 ab
454 1965 597 1994 Hebraeis
615 1965 741 1993 ductam
762 1964 897 1999 dicebat,
917 1965 999 1992 teste
1022 1963 1096 1992 Ori-

397 2024 481 2053 gene
505 2018 614 2043 contra
643 2014 772 2043 Celsum.
797 2012 878 2049 (Lib.
905 2021 930 2041 1.
952 2021 1027 2049 pag.
1048 2013 1095 2041 13.

397 2064 463 2093 Ed.
481 2063 592 2098 Cant.)
614 2064 702 2092 Idem
721 2066 754 2092 et
768 2062 927 2100 Josephus
943 2062 1097 2090 Hebraeus

399 2114 552 2152 prodidit,
574 2116 606 2142 et
633 2112 832 2142 Jamblichus
854 2111 1096 2149 Pythagoricus.

399 2163 518 2202 [Locus
541 2162 677 2200 Josephi
707 2164 811 2191 exstat
839 2161 910 2190 Lib.
936 2170 958 2189 1.
989 2165 1098 2190 contra

397 2214 511 2252 Apion.
532 2213 615 2251 522.
640 2212 731 2241 Edit.
756 2211 857 2240 Oxou.
883 2212 1000 2241 Verum
1023 2220 1096 2249 pro-

396 2264 501 2293 babile
517 2263 687 2292 admodum
703 2265 761 2298 est,
775 2262 948 2299 legendum
969 2261 1012 2289 ibi
1033 2270 1096 2289 non

397 2314 573 2350 Ἰουδαίων,
595 2314 649 2342 sed
665 2312 802 2348 Ἰδαίων,
824 2314 861 2340 ut
882 2311 1017 2349 conjecit
1039 2311 1098 2340 Vir

398 2363 642 2393 Eruditissimus
686 2362 718 2392 J.
751 2361 905 2398 Clericus,
939 2360 1031 2389 Tom.
1067 2369 1097 2389 x.

398 2413 552 2443 Biblioth.
582 2412 718 2448 Selectoe,
751 2420 828 2449 pag.
863 2410 931 2445 162,
959 2413 987 2438 et
1013 2418 1095 2448 seqq.

1167 1765 1261 1801 Quod
1277 1768 1399 1804 spectat
1414 1765 1638 1802 Jamblichum,
1658 1764 1758 1794 voluit
1777 1765 1864 1794 Auc-

1164 1818 1217 1844 tor
1244 1815 1347 1843 dicere
1376 1815 1602 1852 Porphyrium:
1638 1813 1688 1842 hic
1716 1813 1799 1841 enim
1826 1822 1866 1842 ex

1164 1864 1312 1902 Diogene
1339 1864 1393 1892 lib.
1424 1864 1461 1892 de
1488 1863 1729 1892 Incredibilibus
1757 1863 1866 1899 refert,

1165 1913 1389 1952 Pythagoram,
1404 1913 1487 1942 inter
1501 1913 1590 1949 alios,
1605 1913 1754 1942 Hebraeos
1770 1913 1865 1942 etiam

1164 1962 1316 1997 invisisse,
1331 1965 1363 1991 et
1376 1963 1416 1990 ab
1430 1962 1468 1990 iis
1482 1962 1621 1991 hausisse
1632 1963 1776 2000 quaedam
1788 1962 1865 1991 Phi-

1164 2011 1316 2049 losophiae
1331 2020 1396 2039 suae
1408 2011 1568 2048 dogmata,
1583 2010 1620 2039 de
1635 2010 1707 2040 Vita
1723 2012 1864 2049 Pythaq.

1167 2060 1184 2098 ἓ
1203 2062 1252 2090 ll.
1273 2060 1338 2089 Ecl.
1357 2060 1498 2090 Kusterz'.
1532 2060 1635 2099 Apud
1649 2061 1866 2090 Jamblichum

1165 2114 1270 2139 autem
1281 2110 1326 2138 nil
1339 2110 1402 2138 tale
1414 2110 1583 2147 reperitur.
1624 2111 1659 2140 J.
1676 2110 1733 2148 B.]

1223 2166 1237 2181 ὃ
1263 2160 1305 2190 L't
1319 2169 1372 2189 uec
1377 2159 1489 2196 jurato
1511 2160 1571 2188 sibi
1589 2159 1750 2198 credatur]
1772 2160 1865 2189 Philo

1166 2211 1230 2248 (De
1248 2210 1360 2239 Decal.
1383 2219 1457 2248 pag.
1476 2210 1534 2240 756
1549 2210 1592 2247 c.)
1609 2210 1692 2245 ’Ήδη
1715 2210 1781 2248 γάρ
1804 2211 1864 2249 ὅγε

1166 2260 1261 2298 ὀμνὺς
1289 2262 1333 2288 εἷς
1357 2259 1522 2288 ἀπιστίαν
1549 2259 1756 2288 ὐπονοεῖται·
1787 2260 1867 2289 Jam
1898 2289 1901 2290 ι

1165 2310 1243 2338 enim
1254 2310 1291 2346 is,
1306 2318 1327 2338 α
1336 2309 1622 2348 quojusjurandnm
1631 2309 1779 2347 exiyz'tur,
1787 2319 1865 2347 per-

1156 2359 1251 2397 fidioe
1264 2362 1308 2387 est
1321 2362 1489 2396 suspectus.
1526 2359 1690 2396 Sophoclis
1708 2358 1865 2396 OEdz'pode

1169 2408 1302 2438 Coloneo
1317 2409 1440 2438 dixerat
1457 2408 1614 2446 OEdipus:

467 2582 488 2612 5
528 2577 759 2624 Pythagoras
795 2586 914 2611 seems
945 2579 984 2610 to
1020 2574 1115 2610 have
1143 2574 1257 2609 taken
1291 2574 1364 2609 this
1406 2574 1503 2609 from
1533 2574 1599 2609 the
1624 2575 1793 2615 Essenos,
1822 2585 1866 2609 or

399 2633 506 2669 those
526 2635 608 2669 who
628 2633 801 2668 followed
818 2632 882 2668 the
898 2633 1067 2667 Essenes.
1116 2632 1184 2666 His
1210 2636 1364 2678 precept
1391 2632 1432 2673 is,
1462 2632 1535 2666 Not
1555 2638 1588 2666 to
1612 2643 1726 2666 swear
1750 2632 1793 2676 by
1812 2632 1866 2665 the

398 2693 495 2736 yocls‚
505 2693 578 2737 sor
591 2703 663 2737 you
684 2691 790 2736 ouyht
814 2696 848 2724 to
868 2696 925 2724 act
950 2702 986 2724 so
1014 2691 1090 2723 that
1116 2701 1195 2724 men
1216 2689 1334 2723 believe
1358 2700 1431 2734 you
1451 2689 1597 2722 without
1618 2700 1667 2721 an
1687 2688 1768 2721 oath
1781 2699 1792 2720 .·
1823 2698 1864 2722 so

400 2747 465 2782 the
492 2748 689 2794 Seythians
727 2748 765 2781 in
799 2747 967 2781 Curtius:
1000 2757 1040 2781 so
1067 2746 1196 2780 Cicero
1229 2746 1288 2780 for
1312 2746 1491 2786 Roscius3
1523 2745 1660 2785 Solon3
1693 2744 1864 2779 Clemens

401 2802 695 2845 Alexandrinus3
720 2803 843 2838 Alexis
864 2803 928 2838 the
950 2803 1077 2837 Comic
1094 2804 1199 2837 Poet.
1249 2803 1378 2837 Cicero
1399 2802 1534 2836 relates
1554 2801 1635 2835 that
1653 2804 1691 2834 at
1711 2800 1865 2842 Athens,

402 2859 509 2893 when
537 2871 559 2894 a
579 2861 719 2895 certain
747 2872 846 2901 man,
873 2860 988 2895 noted
1013 2860 1074 2894 for
1099 2860 1155 2894 his
1176 2859 1338 2894 holiness
1359 2859 1432 2892 and
1453 2858 1608 2903 gravity,
1626 2856 1702 2890 had
1722 2860 1761 2890 to
1782 2857 1865 2902 give

402 2913 459 2950 his
476 2916 685 2962 testimony,
706 2917 780 2951 and
800 2916 1037 2962 approached
1053 2916 1117 2952 the
1139 2916 1235 2951 alt-ar
1252 2920 1290 2951 to
1308 2926 1433 2956 swear‚
1453 2914 1517 2949 the
1533 2913 1666 2959 judges
1683 2913 1772 2948 with
1793 2924 1866 2949 one
