2018 3204
141 136 231 172 CAP.
251 133 414 181 XXIV]
476 137 649 173 ‚JUSTIS
681 136 860 172 CAUSIS
891 137 1231 173 SUSCIPIENDO
1262 140 1439 175 BELLO.
1516 135 1598 174 415

133 245 284 299 patris
307 245 497 299 officium,
554 244 704 286 Pittaci
727 244 878 287 dictum
902 245 1044 287 laudat
1063 245 1252 287 Julianus
1273 247 1528 301 Imperator:
1553 243 1598 292 ὃς

143 306 225 361 τὴν
253 306 525 366 συγγνώμην
556 312 637 362 τῆς
670 311 869 370 τιμωρίας
898 311 1135 368 προετίθει,
1169 314 1244 366 qui
1270 314 1440 354 veniam
1462 328 1598 367 poem&

132 376 406 430 praeferebat.
467 375 661 417 Libanius
698 376 740 417 in
771 376 956 418 oratione
994 377 1045 418 de
1083 377 1281 418 seditione
1315 378 1596 420 Antiochena:

140 439 211 495 qui
238 441 341 489 Deo,
377 439 520 495 inquit,
556 440 697 482 similis
731 455 819 482 esse
849 442 951 490 vult,
985 439 1126 502 ἀφιεὶς
1160 443 1363 503 τιμωρίας
1400 441 1597 503 χαιρέτω

140 507 311 556 μᾶλλον
353 502 377 557 ἢ
420 503 672 562 λαμβάνων,
717 508 858 562 maqis
894 509 1086 562 (faudem
1121 510 1428 551 condonatione
1467 525 1599 565 quam

131 585 280 626 poena.

240 637 268 677 3
312 636 525 678 Interdum
560 650 620 678 eae
653 642 749 679 sunt
784 652 923 679 rerum
958 638 1286 690 circumstantiae,
1319 645 1367 682 ut
1395 640 1491 696 jur-e
1526 655 1598 683 suo

139 701 347 743 abstinere
381 717 463 743 non
497 702 701 744 laudabile
733 709 892 745 tantum
927 703 992 753 sit,
1025 705 1097 746 sed
1128 711 1171 746 et
1207 705 1404 759 debitum,
1441 705 1599 748 ratione

139 767 240 822 ejus,
275 781 396 823 quam
419 767 650 810 hominibus
674 768 795 810 etiam
829 769 1000 811 inimicis
1024 770 1218 812 debemus
1242 771 1480 820 dilectionis,
1517 772 1600 813 sive

138 833 181 874 in
205 847 249 874 se
272 838 480 889 spectatae,
513 833 598 875 sive
622 834 799 889 qualiter
823 849 912 876 eam
937 835 1068 892 exigit
1095 836 1348 878 sanctissima
1371 837 1438 878 lex
1462 838 1600 878 Evan-

140 898 250 954 gelii.
322 899 388 941 Sic
424 899 622 955 quosdam
659 914 747 942 esse
782 900 968 949 diximus,
1005 915 1080 956 pro
1115 916 1301 956 quorum,
1338 902 1497 943 etiamsi
1529 918 1602 944 nos

138 964 352 1019 impetant,
389 965 521 1007 salute
552 971 724 1007 mortem
749 971 894 1021 optare
924 967 1157 1016 debeamus,
1195 967 1305 1022 quod
1329 982 1398 1009 eos
1429 968 1602 1009 sciamus

138 1029 201 1070 rei
224 1031 425 1072 communi
448 1031 638 1072 humanae
662 1037 734 1073 aut
758 1032 1005 1074 necessarios
1032 1038 1104 1074 aut
1129 1033 1250 1074 valde
1274 1033 1404 1075 utiles.
1468 1033 1512 1075 Si
1535 1048 1603 1075 res

139 1096 338 1150 quasdam
369 1096 525 1153 negligi
550 1096 639 1138 vult
668 1096 868 1146 Christus,
905 1112 956 1139 ne
979 1098 1071 1139 lites
1097 1098 1333 1147 subeantur,
1370 1104 1486 1140 tanto
1516 1113 1602 1139 ere-

139 1161 320 1202 dendum
354 1167 417 1203 est
448 1161 605 1217 majora
636 1176 661 1203 a
695 1162 812 1203 nobis
856 1163 1011 1220 negligi
1046 1163 1234 1213 voluisse,
1280 1179 1333 1206 ne
1366 1165 1422 1206 ad
1451 1165 1607 1211 bellum,

139 1232 270 1277 eatur,
297 1233 448 1283 quanto
473 1227 621 1269 bellum
645 1227 718 1270 lite
741 1232 804 1270 est
824 1229 1046 1271 nocentius.

137 1353 307 1390 τήσαντας
321 1355 358 1385 ἐκ
376 1356 505 1385 παντὸς
522 1356 651 1392 τρόπου
670 1355 835 1394 κολάζειν,

138 1401 230 1432 ἀλλά
253 1403 332 1432 τοὺς
356 1403 412 1432 ἐπὶ
436 1407 509 1433 τοῖς
532 1403 771 1442 ἡμαρτημένοις
792 1403 835 1442 μή

138 1452 485 1490 μεταδιδασκομένους·
506 1463 566 1481 non
585 1463 686 1482 omnes
703 1453 835 1488 omnino,

138 1500 193 1538 qui
207 1500 373 1539 deliquere,
384 1502 536 1539 puniendi
549 1505 628 1537 sunt,
642 1502 697 1531 sed
710 1502 743 1538 ii,
758 1511 835 1540 quos

138 1550 219 1578 male
231 1550 396 1588 factorum
419 1551 500 1580 nihil
515 1552 651 1589 poenilet.
699 1551 742 1589 (E
765 1552 834 1582 Lib.

139 1607 216 1627 xxx.
240 1607 271 1628 n.
290 1598 356 1636 17.)
399 1599 641 1637 Chrysostmnus
663 1600 700 1628 cle
715 1600 837 1629 statuis

140 1657 185 1678 νῐ.
226 1648 337 1686 (Toni.
360 1658 406 1678 vl.
436 1659 468 1687 p.
487 1651 555 1678 504.
596 1650 686 1679 Edit.
715 1649 835 1688 Sca-il.)

138 1698 335 1736 μαθέτωσαν
355 1698 385 1727 οἱ
408 1698 550 1727 ἄπιστοι
574 1698 710 1734 πάντες,
741 1698 797 1727 ὅτι
818 1699 835 1728 ὁ

137 1748 200 1777 ’τοῦ
230 1749 379 1786 Χριστοῦ
408 1749 514 1785 φόβος
544 1749 657 1777 πᾶσαν
684 1748 837 1786 ἐξουσίαν

138 1798 276 1826 δύναται
303 1797 471 1835 χαλινοῦν.
505 1797 647 1835 δόξασόν
682 1810 741 1827 σου
776 1799 837 1827 ’τὸν

139 1846 320 1883 δεσπότην,
353 1850 427 1876 τοῖς
461 1847 645 1877 συνδούλοις
673 1847 758 1885 ἄφες
791 1849 836 1877 ’τοὶ

140 1895 377 1934 ἁμαρτήματα,
397 1897 449 1925 'tva
471 1896 525 1925 καὶ
541 1896 639 1926 αὑτός
655 1909 692 1926 σε
712 1897 835 1936 δοξάσῃ

139 1945 304 1983 μειζόνως,
324 1946 378 1974 ’ίνα
392 1945 511 1983 ἥμερόν
527 1957 579 1974 σοι
594 1945 681 1974 κατά
700 1947 762 1979 ’τήν
776 1948 835 1981 τῆς

139 1995 275 2031 κρίσεως
293 1994 416 2032 ἡμέραν
429 1995 519 2033 δείξῃ
534 1996 575 2024 ’τὸ
595 1995 682 2033 ὄμμα
699 1998 751 2026 καὶ
773 2008 835 2036 γα-

139 2043 248 2080 ληνὸν,
268 2045 394 2079 ’ταύτης
414 2044 610 2082 μεμνημένος
630 2058 689 2075 σου
703 2048 762 2081 ’τῆς
777 2052 835 2085 φι-

139 2093 360 2132 λανθρωπίας·
381 2094 504 2124 discant
527 2104 637 2131 omnes,
659 2096 714 2134 qui
730 2097 836 2134 afide

902 1360 1013 1385 nostra
1034 1359 1105 1385 sunt
1125 1357 1276 1395 eaetranez',
1297 1359 1507 1395 reverentiam,
1533 1369 1603 1398 quoe

907 1405 1032 1435 Christo
1057 1406 1225 1442 exhibetur,
1248 1409 1367 1435 tantam
1387 1417 1459 1444 esse,
1482 1412 1515 1437 nt
1535 1410 1602 1438 cni-

903 1455 977 1483 libet
989 1455 1140 1492 potestati
1154 1455 1424 1493 injiciatsroenos.
1465 1457 1601 1487 IIonora

903 1504 1058 1533 dominum
1081 1508 1184 1534 tuum.-
1214 1506 1355 1535 condona
1377 1511 1509 1544 peccata
1534 1517 1603 1537 con-

903 1554 1002 1582 servis
1016 1554 1087 1589 tuis,
1107 1557 1140 1583 ut
1154 1558 1182 1584 et
1196 1555 1262 1593 ipse
1276 1557 1369 1585 multo
1383 1558 1484 1596 mayis
1499 1562 1526 1587 ie
1545 1559 1601 1587 Ιιο-

903 1607 1001 1638 noret,
1025 1607 1057 1632 7ιί
1080 1604 1113 1632 in
1136 1604 1319 1641 illojudicz‘i
1340 1606 1391 1635 die
1409 1609 1524 1636 vultum
1546 1608 1604 1637 tibi

903 1653 1044 1681 ostendat
1056 1662 1194 1682 serenum
1208 1657 1301 1692 atque
1315 1656 1495 1693 clementem,
1512 1657 1603 1694 hujus

904 1704 960 1730 ίιιιε
988 1702 1126 1731 lenitatis
1149 1713 1271 1733 memor.
1315 1705 1403 1735 Citat
1432 1706 1604 1735 Gratianus

905 1760 998 1780 causa
1017 1759 1121 1781 xxux.
1145 1756 1255 1790 quaest.
1279 1753 1318 1783 iv.
1348 1764 1386 1783 ex
1410 1755 1603 1793 Augustino,

906 1799 979 1838 [aut
1000 1801 1106 1838 potius
1129 1802 1227 1838 Beda,
1249 1803 1279 1831 in
1295 1804 1400 1834 Galat.
1417 1814 1445 1835 c.
1460 1804 1513 1843 GJ:
1542 1805 1602 1834 cluo

903 1849 966 1877 ista
984 1850 1108 1878 nomina
1127 1859 1193 1879 cnm
1212 1851 1353 1889 dicimus,
1376 1853 1464 1882 homo
1485 1858 1513 1883 et
1527 1864 1602 1892 pec-

903 1903 1001 1935 cator,
1016 1909 1076 1928 non
1089 1901 1330 1938 utiqucfrustra
1341 1903 1486 1933 dicuntur
1499 1915 1508 1933 :
1527 1906 1604 1943 qnia

903 1952 1048 1987 peccator
1061 1953 1115 1987 est,
1135 1951 1276 1988 corripe:
1301 1952 1377 1990 quia
1393 1953 1493 1989 Ιιοηιο,
1512 1955 1604 1983 mise-

902 2008 993 2027 rere:
1025 1999 1095 2028 vide
1120 2002 1151 2028 et
1176 2009 1246 2037 quae
1269 2006 1454 2039 sequuntur,
1478 2006 1510 2032 et
1532 2013 1602 2042 quae

902 2057 998 2086 supra
1010 2048 1172 2086 posuimus
1185 2050 1226 2078 ad
1240 2055 1336 2088 caput
1349 2061 1400 2080 xx.
1418 2051 1436 2091 ξ
1453 2054 1500 2082 12.
1518 2052 1535 2092 ἓ
1552 2054 1602 2084 26.

903 2101 936 2126 et
949 2098 1000 2127 86.

217 2258 238 2290 3
271 2255 493 2290 Sometimes
514 2256 579 2291 the
600 2257 884 2292 circumstances
912 2258 955 2292 ef
972 2258 1037 2293 the
1060 2270 1143 2293 case
1163 2270 1227 2294 are
1247 2259 1348 2301 such,
1368 2260 1451 2296 that
1474 2265 1513 2297 to
1534 2262 1599 2298 ab·

138 2311 234 2346 stain
245 2311 340 2346 from
355 2313 558 2358 exercising
572 2314 670 2348 onc's
687 2314 785 2358 right
800 2317 830 2349 is
848 2319 913 2349 not
925 2315 1011 2361 only
1028 2316 1211 2357 laudablc,
1223 2317 1290 2350 but
1307 2328 1329 2350 a
1346 2317 1453 2363 duty3
1471 2320 1600 2366 taking

139 2372 297 2402 account
318 2368 360 2402 of
377 2369 441 2403 the
471 2369 645 2404 kindness
677 2370 794 2405 which
815 2382 869 2406 we
894 2383 971 2406 owe
996 2383 1089 2407 even
1116 2378 1155 2407 to
1181 2374 1354 2414 enc1nies,
1375 2375 1495 2409 either
1512 2387 1600 2410 con-

139 2424 286 2458 sidered
307 2425 345 2458 in
367 2425 477 2466 itself,
497 2437 538 2460 or
559 2427 597 2460 in
626 2426 689 2461 the
717 2438 796 2473 way
818 2428 854 2462 in
876 2428 993 2462 which
1019 2429 1083 2463 the
1103 2429 1192 2475 holy
1213 2430 1281 2463 law
1309 2431 1351 2464 of
1371 2431 1433 2465 the
1461 2432 1600 2478 Gospel

139 2481 304 2525 requires
325 2481 354 2515 it
374 2481 417 2515 of
429 2493 483 2516 us.
545 2482 629 2517 And
647 2483 744 2524 thus,
766 2496 819 2519 we
840 2485 934 2520 have
959 2486 1038 2520 said
1055 2485 1138 2520 that
1162 2486 1268 2521 there
1290 2498 1354 2521 are
1376 2499 1478 2523 some
1499 2500 1600 2524 cases

139 2538 178 2571 in
195 2537 324 2578 which,
344 2549 436 2573 even
454 2538 558 2573 when
578 2551 630 2574 we
647 2551 709 2575 are
730 2541 914 2582 attacked,
936 2554 989 2577 we
1009 2542 1125 2588 ought
1142 2548 1180 2577 to
1197 2544 1323 2589 prefer
1339 2544 1403 2579 the
1421 2546 1601 2581 salvation

140 2594 183 2628 of
205 2594 269 2628 the
293 2595 478 2636 assailant,
499 2607 591 2630 even
616 2600 654 2631 to
682 2608 751 2631 our
775 2608 856 2632 own
879 2599 956 2640 life,
980 2599 1137 2634 because
1163 2611 1216 2634 we
1245 2600 1354 2635 know
1375 2601 1453 2635 him
1484 2607 1523 2637 to
1553 2603 1601 2637 bo

140 2651 261 2685 either
280 2662 474 2697 necessary
501 2663 544 2687 or
563 2654 766 2699 extremely
782 2655 904 2689 uscful
933 2661 972 2690 to
998 2655 1062 2690 the
1087 2657 1238 2701 general
1263 2657 1435 2692 interests
1463 2659 1505 2693 of
1531 2659 1601 2694 hu-

139 2708 293 2753 manity.
343 2708 382 2742 If
400 2709 522 2743 Christ
547 2710 688 2754 enjoins
708 2711 790 2745 that
814 2722 916 2746 some
942 2712 1065 2758 things
1092 2724 1154 2747 are
1180 2718 1218 2747 to
1241 2713 1286 2747 be
1307 2714 1416 2758 given
1437 2727 1486 2761 up
1514 2716 1601 2762 only

140 2769 179 2799 to
197 2765 304 2799 avoid
321 2765 435 2806 strife‚
452 2777 505 2800 we
527 2771 625 2801 must
653 2767 728 2801 still
755 2778 858 2802 more
875 2768 1018 2803 believe
1039 2769 1121 2804 that
1138 2769 1185 2804 he
1206 2770 1323 2804 would
1348 2771 1441 2806 have
1460 2783 1501 2807 us
1517 2773 1600 2818 give

140 2832 191 2866 up
211 2826 358 2866 greater
378 2822 499 2868 things
524 2823 651 2858 rather
675 2824 765 2859 than
789 2836 837 2870 go
862 2828 900 2860 to
927 2837 1011 2868 war,
1036 2826 1136 2862 since
1162 2838 1236 2861 war
1259 2827 1288 2861 is
1306 2838 1346 2862 so
1369 2829 1480 2864 much
1498 2841 1600 2865 more

140 2877 286 2913 hurtful
308 2878 398 2914 than
418 2891 521 2916 merc
542 2881 658 2916 strifc.

1619 264 1695 287 Orat.
1707 262 1734 286 ii.
1749 270 1775 294 p.

1616 296 1681 318 5012.

1618 648 1714 673 Molin.
1728 649 1808 673 tract.

1619 680 1655 702 11.
1669 680 1701 703 (Ie
1712 680 1785 703 Just.

1617 710 1688 739 disp.
1702 710 1753 732 103.

1618 739 1703 763 Lorca
1713 740 1785 769 disp.

1619 770 1671 792 153.
1685 776 1711 792 n.
1729 770 1764 792 ll.

1618 800 1708 830 AEglitl.
1720 799 1820 829 Κεφ-(ω

1618 834 1669 854 (ιι-1.
1683 836 1794 858 superu.

1617 861 1687 890 disp.
1701 860 1739 882 31.
1753 861 1816 884 dab.

1618 890 1641 917 7.
1655 897 1682 915 n.
1696 890 1749 917 107.
