2018 3204
194 127 284 163 Car.
303 124 408 168 XX]
778 127 844 160 DE
876 126 1055 161 POENIS.
1565 123 1649 164 323

293 238 319 276 2
367 234 562 277 Similiter
603 235 769 277 Cicero:
810 237 922 278 Sunt
956 236 1215 291 philosophi,
1254 243 1293 277 et
1324 237 1526 289 fuerunt,
1572 240 1670 293 qui
1665 250 1866 304 peNatDeor.

191 302 359 343 millam
390 302 543 343 habere
575 310 785 344 censerent
814 303 1099 343 humanarum
1132 317 1276 344 rerum
1296 317 1357 357 pv
1359 317 1460 343 ocur
1462 304 1646 345 ationem

192 368 317 416 Deos,
343 382 521 422 quorum
553 369 594 408 si
625 383 726 409 vera
760 369 969 409 sententia
999 374 1069 415 est,
1102 382 1195 423 quae
1221 375 1361 422 potest
1385 383 1469 410 esse
1483 371 1642 423 pietas,

190 448 284 487 quae
310 434 532 480 sanctitas,
557 448 654 487 qaoe
676 434 828 487 reliqio
845 433 868 473 ,Ρ
898 434 986 473 hoec
1015 435 1125 474 enim
1153 435 1298 475 omnia
1315 449 1425 488 pure
1454 449 1507 476 ac
1531 443 1644 476 caste

193 499 421 540 tribuenda
460 500 651 539 Deorum
688 500 753 538 ita
788 499 962 538 numini
1009 507 1120 546 sunt,
1161 500 1202 540 si
1241 501 1644 542 animadvertuntur

191 564 247 604 ab
279 565 358 611 liis,
391 571 430 604 et
455 564 496 605 si
527 571 587 604 est
617 564 792 617 aliquid
820 578 850 604 a
881 565 987 604 Diis
1017 565 1332 606 immortalibus
1363 567 1547 607 Ιιωηαηο
1575 581 1643 620 (Je-

189 630 285 670 ‘neri
321 629 539 670 tributum.
604 628 839 683 Epictetus·
876 630 953 680 τῆς
991 648 1091 688 περι
1127 626 1228 675 τούς
1263 629 1381 675 θεους
1417 629 1639 686 ευσεβείας
1660 638 1859 663 findat-22⁸·

189 693 279 737 ἰσθι
324 692 396 737 ὅτι
439 713 494 736 το
539 713 807 754 κυριωτατον
851 691 988 737 ἐκεῖνο
1031 714 1166 746 εστιν,
1212 693 1344 754 opHois·
1392 693 1638 757 υποληψεις

191 779 291 818 περι
325 778 468 802 αυΤων
499 754 631 819 ἔχειν,
664 757 715 805 ὠς
751 779 890 803 ΟνΤων
923 780 991 803 Καί
1028 755 1291 805 δίΟίΚΟῑΙνΤωΙΙ
1331 781 1391 805 'Ta
1438 761 1521 805 Ολα
1568 782 1638 806 Κα-

189 827 274 871 λῶς
309 845 378 869 και
414 820 594 872 δικαίως·
631 827 816 868 Pietatis
853 827 929 868 hoo
948 828 1233 881 praecipuum,
1268 828 1365 868 bene
1401 829 1557 870 sentire
1591 830 1642 871 de

188 892 308 940 Diis,
345 898 393 933 ut
421 893 497 945 qui
532 900 571 934 et
611 893 698 933 sint
739 900 776 933 et
808 907 875 933 res
904 906 1042 933 omnes
1061 893 1176 946 juste
1213 907 1265 933 ac
1295 898 1402 934 recte
1436 895 1642 936 adminis-

190 965 311 999 trent.
364 957 553 999 AElianus
576 957 646 1005 ait,
672 957 940 998 barbarorum
963 957 1165 998 neminem
1189 957 1399 1013 delapsum
1432 959 1485 1000 ad
1516 957 1640 1003 α’θεό-
1658 969 1807 995 Lib-³2³¹-

188 1041 320 1075 τητα,
358 1023 429 1064 sed
465 1023 518 1064 ab
556 1022 741 1064 omnibus
776 1022 970 1064 affirmari
1005 1025 1077 1064 pet
1112 1037 1201 1064 esse
1235 1038 1398 1073 numen,
1437 1031 1479 1067 et
1511 1026 1640 1068 nostri

188 1103 326 1130 curam
351 1103 509 1144 gerere.
572 1088 831 1137 Plutarchus,
857 1088 961 1129 libro
995 1089 1047 1129 de
1081 1088 1359 1131 communibus
1390 1091 1557 1140 notitiis,
1580 1092 1641 1133 ait

187 1167 278 1195 eam
313 1168 405 1209 quae
440 1154 491 1195 de
523 1155 615 1194 Deo
648 1159 711 1195 est
745 1153 932 1195 notitiam
966 1153 1067 1205 tolli,
1092 1154 1253 1196 sublata
1276 1156 1560 1210 providentia.
1592 1156 1797 1202 mii-10:⁵1³.

187 1237 282 1279 ’γαρ
315 1217 535 1264 ἀθάνατον
569 1239 635 1262 και
668 1238 873 1278 μακαριον
902 1239 1041 1272 μονον,
1074 1217 1193 1263 ἀλλὰ
1229 1240 1294 1263 και
1330 1219 1640 1282 φιλανθρωπον

185 1304 252 1328 Καί
288 1280 554 1364 ΚηὶδΕμΟνιΚΟν
587 1305 654 1328 Καί
700 1282 939 1345 (υφΕλΙμΟΙΙ,
976 1283 1366 1345 προλαμβανθσθαι
1398 1307 1467 1331 Καί
1504 1308 1640 1332 vot-‘to'-

185 1351 256 1394 θαι
289 1349 367 1394 τὸν
400 1350 517 1395 Θεόν’
552 1366 640 1393 non
663 1353 778 1393 enim
805 1353 957 1393 immor
962 1353 1087 1393 talem
1117 1359 1280 1393 tantam
1305 1359 1341 1394 et
1365 1355 1544 1403 beatam,
1568 1357 1643 1397 sed

184 1425 225 1459 et
256 1418 474 1459 hominum
509 1425 736 1464 amantem,
773 1418 841 1458 ita
878 1425 926 1458 ut
960 1425 999 1460 et
1030 1426 1146 1459 curet
1184 1433 1249 1460 eos
1280 1427 1319 1461 et
1345 1421 1489 1473 prosit
1518 1422 1638 1475 ipsis,

186 1485 353 1538 concipi
397 1492 524 1539 atque
570 1483 757 1536 intelligyi
804 1484 957 1524 Deum.
1029 1483 1291 1526 Lactantius:
1341 1500 1471 1540 neque
1508 1487 1638 1528 honor
1655 1491 1758 1546 RcG-¹²²²
1772 1491 1832 1521 Μ’

185 1549 300 1590 ullus
331 1550 475 1591 deberi
506 1556 646 1603 potest
675 1550 767 1589 Deo
796 1549 835 1589 si
866 1549 980 1590 nihil
1007 1557 1195 1604 preestat
1233 1551 1397 1599 colenti,
1422 1566 1496 1593 ozee
1524 1553 1639 1595 tillus

184 1622 318 1656 metus
340 1616 380 1656 si
404 1630 487 1656 non
510 1616 718 1656 irascitur
741 1628 824 1655 non
847 1615 1009 1656 colenti.
1078 1615 1135 1656 Et
1157 1629 1306 1657 revera
1328 1631 1482 1673 negare
1503 1618 1639 1660 Deum

184 1694 285 1729 esse,
310 1686 382 1721 aut
410 1694 565 1736 negare
597 1694 623 1720 a
653 1680 743 1720 Deo
775 1679 910 1720 curari
940 1680 1120 1721 actiones
1152 1681 1363 1731 humanas,
1386 1682 1420 1723 si
1443 1684 1639 1726 moralem

183 1745 372 1787 effectum
396 1744 645 1801 respicimus,
670 1744 913 1786 tantundem
938 1745 1058 1787 valet.

283 1813 310 1852 3
359 1812 499 1861 Quare
529 1810 618 1867 ipsa
649 1809 764 1865 quasi
796 1810 1038 1853 necessitate
1060 1815 1226 1853 auctore
1249 1811 1315 1854 hae
1339 1812 1431 1855 duae
1455 1814 1639 1857 notiones

238 1931 255 1953 Ρ
274 1927 320 1956 Et
333 1936 396 1956 esse
409 1936 525 1962 numen,
546 1928 574 1955 et
587 1925 686 1954 nostri
699 1933 806 1954 curam
824 1934 875 1963 qe·
943 1927 1072 1957 reddere
1093 1927 1158 1956 illis
1180 1928 1368 1965 majestatem
1390 1939 1487 1967 suam,
1512 1931 1639 1961 reddere

180 1975 266 2013 rere]
291 1977 409 2006 Seneca
430 1976 564 2015 epistola
583 1984 662 2005 xcv.
684 1975 813 2004 Primus
833 1978 876 2004 est
942 1976 1115 2013 bonitatem,
1134 1977 1199 2006 sine
1212 1987 1276 2016 qua
1289 1979 1377 2008 nulla
1389 1980 1536 2016 majestas
1548 1985 1602 2011 est.

180 2024 305 2054 deorum
331 2026 440 2062 cultus,
473 2026 546 2054 cleos
579 2024 720 2054 credere:
757 2024 874 2060 deinde,

180 2194 395 2236 arguments
415 2194 455 2225 to
475 2194 551 2225 rest
573 2202 685 2236 upon.
733 2191 808 2225 But
825 2191 925 2225 since
946 2201 999 2224 we
1017 2201 1080 2225 are
1105 2191 1282 2237 speaking
1303 2192 1346 2227 of
1366 2194 1634 2239 punishments,

179 2248 252 2281 and
273 2247 316 2281 of
332 2247 471 2281 human
492 2247 758 2291 punishments,
779 2258 800 2280 a
817 2247 1015 2281 differenee
1037 2247 1066 2281 is
1094 2252 1132 2282 to
1162 2248 1209 2282 be
1238 2249 1350 2284 taken
1381 2251 1547 2286 between
1570 2253 1634 2287 the

178 2303 326 2337 notions
354 2303 584 2343 themselves,
604 2303 676 2336 and
708 2303 771 2337 the
800 2303 910 2337 mode
937 2303 980 2337 of
1004 2303 1199 2350 departing
1226 2305 1324 2340 from
1351 2307 1464 2342 them.
1515 2309 1635 2344 These

178 2360 336 2399 notions,
360 2359 441 2392 that
470 2359 575 2393 there
607 2360 637 2393 is
667 2370 689 2393 a
720 2360 821 2405 deity
848 2360 883 2401 (I
912 2360 959 2393 do
988 2367 1054 2394 not
1083 2361 1172 2395 here
1203 2373 1268 2407 say
1297 2363 1462 2399 whether
1492 2376 1562 2400 one
1593 2377 1635 2400 or

177 2414 318 2460 many),
339 2415 412 2449 and
433 2415 514 2449 that
534 2415 581 2449 he
603 2427 704 2450 cares
736 2416 794 2450 for
814 2416 952 2450 human
984 2417 1117 2458 affairs,
1137 2429 1200 2452 are
1221 2424 1319 2454 most
1347 2421 1543 2463 universal,
1560 2423 1634 2456 and

178 2471 385 2517 absolutely
421 2482 613 2517 necessary
644 2477 683 2506 to
714 2473 913 2507 constitute
945 2473 994 2506 all
1025 2474 1192 2519 religion,
1222 2480 1305 2511 true
1340 2488 1382 2511 or
1413 2478 1517 2512 false.
1578 2480 1636 2513 He

177 2530 253 2562 that
277 2529 406 2562 comem
437 2535 470 2562 to
498 2529 580 2562 God
611 2527 710 2570 (that
740 2530 768 2563 is
799 2529 846 2564 hc
876 2530 956 2564 who
982 2531 1011 2564 is
1041 2535 1080 2564 to
1107 2531 1153 2565 be
1180 2532 1370 2577 religious)
1401 2541 1493 2568 must
1519 2536 1637 2569 believe

177 2586 253 2619 that
275 2586 313 2619 he
333 2585 372 2625 is,
394 2586 468 2619 and
488 2586 561 2619 that
579 2586 617 2619 712
637 2586 699 2619 isa
720 2587 898 2620 reu-arder
918 2587 1063 2631 osthem
1084 2589 1159 2622 that
1178 2589 1250 2622 seek
1270 2590 1352 2623 him.
1416 2591 1510 2624 Heb.
1529 2591 1575 2625 xi.
1601 2595 1634 2627 6.

255 2646 276 2675 2
318 2642 366 2675 So
385 2641 532 2682 Cicer03
558 2642 771 2686 Epictetus3
797 2643 926 2683 Elian3
951 2643 1151 2682 Pluta1·ch;
1172 2645 1399 2680 Lactantius.
1462 2647 1516 2680 To
1538 2647 1636 2693 deny

176 2698 259 2733 that
289 2698 371 2732 God
399 2699 521 2739 exists,
549 2698 622 2731 and
643 2703 681 2732 to
703 2699 800 2744 (leny
816 2699 897 2732 that
914 2699 962 2733 he
979 2700 1126 2734 attends
1143 2704 1181 2734 to
1199 2700 1340 2735 human
1357 2703 1491 2743 affairs,
1512 2714 1634 2739 comes

176 2760 216 2790 to
237 2754 301 2790 the
318 2766 418 2789 same
439 2755 556 2800 thing,
573 2766 612 2789 as
633 2759 671 2789 to
692 2755 738 2789 its
756 2755 873 2788 moral
895 2756 1012 2789 effect.

248 2816 269 2847 3
310 2812 529 2846 Wherefore
556 2811 659 2846 these
687 2818 757 2846 two
779 2812 901 2857 points
927 2812 970 2846 of
994 2812 1111 2847 belief
1133 2813 1229 2848 have
1251 2814 1347 2850 been
1367 2817 1575 2861 preserved,
1595 2829 1634 2852 as

174 2868 209 2903 if
235 2869 285 2916 by
316 2870 508 2915 necessity,
535 2880 670 2914 among
701 2869 833 2904 almost
863 2869 913 2903 all
943 2870 1089 2904 nations
1117 2871 1160 2905 of
1182 2871 1300 2906 which
1329 2883 1383 2907 we
1408 2873 1513 2908 know
1544 2885 1634 2920 any-

1353 2946 1500 2986 21--02
