<?xml version="1.0" encoding="UTF-8"?>
<!DOCTYPE html PUBLIC "-//W3C//DTD XHTML 1.0 Transitional//EN"
    "http://www.w3.org/TR/xhtml1/DTD/xhtml1-transitional.dtd">
<html xmlns="http://www.w3.org/1999/xhtml" xml:lang="en" lang="en">
 <head>
  <title>
</title>
<meta http-equiv="Content-Type" content="text/html;charset=utf-8" />
  <meta name='ocr-system' content='tesseract 3.04.00' />
  <meta name='ocr-capabilities' content='ocr_page ocr_carea ocr_par ocr_line ocrx_word'/>
</head>
<body>
  <div class='ocr_page' id='page_1' title='image "./dejurebellietpac02grotuoft_0013.png"; bbox 0 0 2018 3204; ppageno 0'>
   <div class='ocr_carea' id='block_1_1' title="bbox 181 171 1635 221">
    <p class='ocr_par' dir='ltr' id='par_1_1' title="bbox 181 171 1635 221">
     <span class='ocr_line' id='line_1_1' title="bbox 181 171 1635 221; baseline -0.001 -9"><span class='ocrx_word' id='word_1_1' title='bbox 181 176 268 212; x_wconf 79' lang='lat' dir='ltr'>CAr.</span> <span class='ocrx_word' id='word_1_2' title='bbox 288 173 376 221; x_wconf 89' lang='lat' dir='ltr'>IX.]</span> <span class='ocrx_word' id='word_1_3' title='bbox 645 175 869 212; x_wconf 84' lang='lat' dir='ltr'>DOMINIA</span> <span class='ocrx_word' id='word_1_4' title='bbox 898 175 1170 211; x_wconf 86' lang='lat' dir='ltr'><strong>DESINANT.</strong></span> <span class='ocrx_word' id='word_1_5' title='bbox 1609 171 1635 210; x_wconf 88' lang='lat'><strong>3</strong></span> 
     </span>
    </p>
   </div>
   <div class='ocr_carea' id='block_1_2' title="bbox 177 281 1636 865">
    <p class='ocr_par' dir='ltr' id='par_1_2' title="bbox 177 281 1636 865">
     <span class='ocr_line' id='line_1_2' title="bbox 180 281 1636 340; baseline -0.001 -12"><span class='ocrx_word' id='word_1_6' title='bbox 180 281 258 328; x_wconf 81' lang='lat' dir='ltr'>bex</span> <span class='ocrx_word' id='word_1_7' title='bbox 293 285 538 328; x_wconf 83' lang='lat' dir='ltr'>distantibus</span> <span class='ocrx_word' id='word_1_8' title='bbox 575 290 746 334; x_wconf 88' lang='lat' dir='ltr'>constat,</span> <span class='ocrx_word' id='word_1_9' title='bbox 779 285 930 340; x_wconf 88' lang='lat' dir='ltr'>unique</span> <span class='ocrx_word' id='word_1_10' title='bbox 962 284 1114 326; x_wconf 91' lang='lat' dir='ltr'>nomini</span> <span class='ocrx_word' id='word_1_11' title='bbox 1154 284 1383 340; x_wconf 88' lang='lat' dir='ltr'>subjectum</span> <span class='ocrx_word' id='word_1_12' title='bbox 1417 290 1492 335; x_wconf 83' lang='lat' dir='ltr'>est,</span> <span class='ocrx_word' id='word_1_13' title='bbox 1526 285 1636 340; x_wconf 88' lang='lat' dir='ltr'>quod</span> 
     </span>
     <span class='ocr_line' id='line_1_3' title="bbox 179 349 1635 408; baseline -0.001 -15"><span class='ocrx_word' id='word_1_14' title='bbox 179 352 305 393; x_wconf 86' lang='lat' dir='ltr'>habet</span> <span class='ocrx_word' id='word_1_15' title='bbox 339 349 427 408; x_wconf 79' lang='grc' dir='ltr'>ἕξιν</span> <span class='ocrx_word' id='word_1_16' title='bbox 470 352 582 402; x_wconf 74' lang='grc' dir='ltr'>μίαν,</span> <span class='ocrx_word' id='word_1_17' title='bbox 618 357 664 392; x_wconf 90' lang='lat' dir='ltr'>ut</span> <span class='ocrx_word' id='word_1_18' title='bbox 696 351 966 399; x_wconf 78' lang='lat' dir='ltr'>Plutarchus3</span> <span class='ocrx_word' id='word_1_19' title='bbox 1004 350 1193 407; x_wconf 88' lang='lat' dir='ltr'>spiritum</span> <span class='ocrx_word' id='word_1_20' title='bbox 1228 365 1366 399; x_wconf 89' lang='lat' dir='ltr'>unum,</span> <span class='ocrx_word' id='word_1_21' title='bbox 1400 355 1446 392; x_wconf 91' lang='lat' dir='ltr'>ut</span> <span class='ocrx_word' id='word_1_22' title='bbox 1478 351 1635 392; x_wconf 86' lang='lat' dir='ltr'>Paulus</span> 
     </span>
     <span class='ocr_line' id='line_1_4' title="bbox 178 413 1632 473; baseline -0.001 -14"><span class='ocrx_word' id='word_1_23' title='bbox 178 417 502 459; x_wconf 84' lang='lat' dir='ltr'>Jurisconsultus</span> <span class='ocrx_word' id='word_1_24' title='bbox 525 415 718 471; x_wconf 87' lang='lat' dir='ltr'>loquitur.</span> <span class='ocrx_word' id='word_1_25' title='bbox 787 418 854 458; x_wconf 89' lang='lat' dir='ltr'>cIs</span> <span class='ocrx_word' id='word_1_26' title='bbox 877 421 1013 458; x_wconf 90' lang='lat' dir='ltr'>autem</span> <span class='ocrx_word' id='word_1_27' title='bbox 1035 416 1214 472; x_wconf 83' lang='lat' dir='ltr'>spiritus,</span> <span class='ocrx_word' id='word_1_28' title='bbox 1240 416 1324 458; x_wconf 82' lang='lat' dir='ltr'>sive</span> <span class='ocrx_word' id='word_1_29' title='bbox 1355 413 1450 473; x_wconf 79' lang='grc' dir='ltr'>ἕξις,</span> <span class='ocrx_word' id='word_1_30' title='bbox 1486 415 1529 457; x_wconf 85' lang='lat' dir='ltr'>in</span> <span class='ocrx_word' id='word_1_31' title='bbox 1564 431 1632 471; x_wconf 88' lang='lat' dir='ltr'>po-</span> 
     </span>
     <span class='ocr_line' id='line_1_5' title="bbox 179 481 1633 538; baseline -0.001 -15"><span class='ocrx_word' id='word_1_32' title='bbox 179 482 276 538; x_wconf 89' lang='lat' dir='ltr'>pulo</span> <span class='ocrx_word' id='word_1_33' title='bbox 313 488 374 524; x_wconf 85' lang='lat' dir='ltr'>est</span> <span class='ocrx_word' id='word_1_34' title='bbox 416 482 514 523; x_wconf 85' lang='lat' dir='ltr'>vitae</span> <span class='ocrx_word' id='word_1_35' title='bbox 552 481 678 523; x_wconf 88' lang='lat' dir='ltr'>civilis</span> <span class='ocrx_word' id='word_1_36' title='bbox 716 481 956 524; x_wconf 77' lang='lat' dir='ltr'>consociatio</span> <span class='ocrx_word' id='word_1_37' title='bbox 989 482 1111 538; x_wconf 87' lang='lat' dir='ltr'>plena</span> <span class='ocrx_word' id='word_1_38' title='bbox 1145 487 1270 537; x_wconf 89' lang='lat' dir='ltr'>atque</span> <span class='ocrx_word' id='word_1_39' title='bbox 1298 483 1494 537; x_wconf 86' lang='lat' dir='ltr'>perfecta,</span> <span class='ocrx_word' id='word_1_40' title='bbox 1521 482 1633 536; x_wconf 84' lang='lat' dir='ltr'>cujus</span> 
     </span>
     <span class='ocr_line' id='line_1_6' title="bbox 179 547 1632 603; baseline -0.001 -14"><span class='ocrx_word' id='word_1_41' title='bbox 179 548 312 603; x_wconf 89' lang='lat' dir='ltr'>prima</span> <span class='ocrx_word' id='word_1_42' title='bbox 345 547 559 603; x_wconf 86' lang='lat' dir='ltr'>productio</span> <span class='ocrx_word' id='word_1_43' title='bbox 594 553 657 588; x_wconf 90' lang='lat' dir='ltr'>est</span> <span class='ocrx_word' id='word_1_44' title='bbox 691 563 891 589; x_wconf 88' lang='lat' dir='ltr'>summum</span> <span class='ocrx_word' id='word_1_45' title='bbox 924 547 1151 603; x_wconf 80' lang='lat' dir='ltr'>imperium,</span> <span class='ocrx_word' id='word_1_46' title='bbox 1182 548 1387 590; x_wconf 89' lang='lat' dir='ltr'>vinculum</span> <span class='ocrx_word' id='word_1_47' title='bbox 1418 562 1493 603; x_wconf 83' lang='lat' dir='ltr'>per</span> <span class='ocrx_word' id='word_1_48' title='bbox 1524 548 1632 603; x_wconf 83' lang='lat' dir='ltr'>quod</span> 
     </span>
     <span class='ocr_line' id='line_1_7' title="bbox 177 613 1634 669; baseline 0 -15"><span class='ocrx_word' id='word_1_49' title='bbox 177 613 409 668; x_wconf 81' lang='lat' dir='ltr'>respublica</span> <span class='ocrx_word' id='word_1_50' title='bbox 432 614 624 662; x_wconf 82' lang='lat' dir='ltr'>cohaeret,</span> <span class='ocrx_word' id='word_1_51' title='bbox 649 613 816 668; x_wconf 86' lang='lat' dir='ltr'>spiritus</span> <span class='ocrx_word' id='word_1_52' title='bbox 840 613 975 654; x_wconf 87' lang='lat' dir='ltr'>vitalis</span> <span class='ocrx_word' id='word_1_53' title='bbox 1001 627 1120 669; x_wconf 88' lang='lat' dir='ltr'>quem</span> <span class='ocrx_word' id='word_1_54' title='bbox 1144 619 1207 655; x_wconf 92' lang='lat' dir='ltr'>tot</span> <span class='ocrx_word' id='word_1_55' title='bbox 1230 613 1357 655; x_wconf 90' lang='lat' dir='ltr'>millia</span> <span class='ocrx_word' id='word_1_56' title='bbox 1379 614 1562 662; x_wconf 86' lang='lat' dir='ltr'>trahunt,</span> <span class='ocrx_word' id='word_1_57' title='bbox 1588 618 1634 654; x_wconf 90' lang='lat' dir='ltr'>ut</span> 
     </span>
     <span class='ocr_line' id='line_1_8' title="bbox 178 678 1633 734; baseline 0.001 -15"><span class='ocrx_word' id='word_1_58' title='bbox 178 678 337 720; x_wconf 84' lang='lat' dir='ltr'>Seneca</span> <span class='ocrx_word' id='word_1_59' title='bbox 359 678 553 734; x_wconf 83' lang='lat' dir='ltr'>loquitur.</span> <span class='ocrx_word' id='word_1_60' title='bbox 616 679 744 720; x_wconf 86' lang='lat' dir='ltr'>Plane</span> <span class='ocrx_word' id='word_1_61' title='bbox 765 685 901 720; x_wconf 87' lang='lat' dir='ltr'>autem</span> <span class='ocrx_word' id='word_1_62' title='bbox 925 693 1098 734; x_wconf 80' lang='lat' dir='ltr'>corpora</span> <span class='ocrx_word' id='word_1_63' title='bbox 1132 679 1220 721; x_wconf 83' lang='lat' dir='ltr'>haec</span> <span class='ocrx_word' id='word_1_64' title='bbox 1247 678 1474 721; x_wconf 82' lang='lat' dir='ltr'>artificialia</span> <span class='ocrx_word' id='word_1_65' title='bbox 1504 679 1633 720; x_wconf 77' lang='lat' dir='ltr'>instat·</span> 
     </span>
     <span class='ocr_line' id='line_1_9' title="bbox 178 743 1634 800; baseline -0.001 -15"><span class='ocrx_word' id='word_1_66' title='bbox 178 743 335 786; x_wconf 87' lang='lat' dir='ltr'>habent</span> <span class='ocrx_word' id='word_1_67' title='bbox 366 744 547 800; x_wconf 88' lang='lat' dir='ltr'>corporis</span> <span class='ocrx_word' id='word_1_68' title='bbox 589 744 798 786; x_wconf 86' lang='lat' dir='ltr'>naturalis.</span> <span class='ocrx_word' id='word_1_69' title='bbox 870 745 1028 799; x_wconf 86' lang='lat' dir='ltr'>Corpus</span> <span class='ocrx_word' id='word_1_70' title='bbox 1063 745 1251 786; x_wconf 83' lang='lat' dir='ltr'>naturale</span> <span class='ocrx_word' id='word_1_71' title='bbox 1282 744 1391 786; x_wconf 89' lang='lat' dir='ltr'>idem</span> <span class='ocrx_word' id='word_1_72' title='bbox 1426 759 1514 786; x_wconf 90' lang='lat' dir='ltr'>esse</span> <span class='ocrx_word' id='word_1_73' title='bbox 1552 759 1634 785; x_wconf 90' lang='lat' dir='ltr'>non</span> 
     </span>
     <span class='ocr_line' id='line_1_10' title="bbox 178 804 1633 865; baseline 0 -15"><span class='ocrx_word' id='word_1_74' title='bbox 178 808 341 859; x_wconf 81' lang='lat' dir='ltr'>desinit,</span> <span class='ocrx_word' id='word_1_75' title='bbox 378 804 614 865; x_wconf 84' lang='lat' dir='ltr'>dparticulis</span> <span class='ocrx_word' id='word_1_76' title='bbox 637 809 833 865; x_wconf 85' lang='lat' dir='ltr'>paulatim</span> <span class='ocrx_word' id='word_1_77' title='bbox 858 809 1126 858; x_wconf 87' lang='lat' dir='ltr'>commutatis,</span> <span class='ocrx_word' id='word_1_78' title='bbox 1154 824 1236 851; x_wconf 89' lang='lat' dir='ltr'>una</span> <span class='ocrx_word' id='word_1_79' title='bbox 1262 816 1454 852; x_wconf 86' lang='lat' dir='ltr'>manente</span> <span class='ocrx_word' id='word_1_80' title='bbox 1487 809 1633 865; x_wconf 89' lang='lat' dir='ltr'>specie,</span> 
     </span>
    </p>
   </div>
   <div class='ocr_carea' id='block_1_3' title="bbox 178 874 1631 996">
    <p class='ocr_par' dir='ltr' id='par_1_3' title="bbox 178 874 1631 996">
     <span class='ocr_line' id='line_1_11' title="bbox 178 874 1007 931; baseline 0 -16"><span class='ocrx_word' id='word_1_81' title='bbox 178 879 226 916; x_wconf 88' lang='lat' dir='ltr'>ut</span> <span class='ocrx_word' id='word_1_82' title='bbox 249 875 461 931; x_wconf 87' lang='lat' dir='ltr'>Alphenus</span> <span class='ocrx_word' id='word_1_83' title='bbox 485 890 535 916; x_wconf 84' lang='lat' dir='ltr'>ex</span> <span class='ocrx_word' id='word_1_84' title='bbox 557 875 807 930; x_wconf 92' lang='lat' dir='ltr'>philosophis</span> <span class='ocrx_word' id='word_1_85' title='bbox 831 874 1007 916; x_wconf 82' lang='lat' dir='ltr'>disserit.</span> 
     </span>
     <span class='ocr_line' id='line_1_12' title="bbox 279 939 1631 996; baseline 0.001 -15"><span class='ocrx_word' id='word_1_86' title='bbox 279 941 306 981; x_wconf 88' lang='lat'><strong>2</strong></span> <span class='ocrx_word' id='word_1_87' title='bbox 347 941 485 996; x_wconf 81' lang='lat' dir='ltr'><strong>Atque</strong></span> <span class='ocrx_word' id='word_1_88' title='bbox 507 941 598 982; x_wconf 90' lang='lat' dir='ltr'>ideo</span> <span class='ocrx_word' id='word_1_89' title='bbox 621 940 829 982; x_wconf 89' lang='lat' dir='ltr'>commode</span> <span class='ocrx_word' id='word_1_90' title='bbox 852 939 1221 996; x_wconf 83' lang='lat' dir='ltr'>interpretandum,</span> <span class='ocrx_word' id='word_1_91' title='bbox 1247 941 1356 995; x_wconf 89' lang='lat' dir='ltr'>quod</span> <span class='ocrx_word' id='word_1_92' title='bbox 1380 941 1439 983; x_wconf 88' lang='lat' dir='ltr'>ait</span> <span class='ocrx_word' id='word_1_93' title='bbox 1464 941 1631 991; x_wconf 83' lang='lat' dir='ltr'>Seneca,</span> 
     </span>
    </p>
   </div>
   <div class='ocr_carea' id='block_1_4' title="bbox 177 1041 1635 1093">
    <p class='ocr_par' dir='ltr' id='par_1_4' title="bbox 177 1041 1635 1093">
     <span class='ocr_line' id='line_1_13' title="bbox 177 1041 1635 1093; baseline 0 -9"><span class='ocrx_word' id='word_1_94' title='bbox 177 1064 248 1093; x_wconf 86' lang='lat' dir='ltr'>quae</span> <span class='ocrx_word' id='word_1_95' title='bbox 262 1056 358 1085; x_wconf 84' lang='lat' dir='ltr'>habet</span> <span class='ocrx_word' id='word_1_96' title='bbox 371 1056 565 1093; x_wconf 85' lang='lat' dir='ltr'>Pomponius</span> <span class='ocrx_word' id='word_1_97' title='bbox 579 1055 617 1085; x_wconf 90' lang='lat' dir='ltr'>L.</span> <span class='ocrx_word' id='word_1_98' title='bbox 631 1064 748 1084; x_wconf 89' lang='lat' dir='ltr'>rerum.</span> <span class='ocrx_word' id='word_1_99' title='bbox 764 1041 813 1084; x_wconf 53' lang='lat' dir='ltr'>30ss</span> <span class='ocrx_word' id='word_1_100' title='bbox 832 1055 871 1083; x_wconf 88' lang='lat' dir='ltr'>de</span> <span class='ocrx_word' id='word_1_101' title='bbox 931 1054 1024 1093; x_wconf 78' lang='lat' dir='ltr'>pulo]</span> <span class='ocrx_word' id='word_1_102' title='bbox 1047 1054 1087 1083; x_wconf 83' lang='lat' dir='ltr'>&#39;H</span> <span class='ocrx_word' id='word_1_103' title='bbox 1103 1054 1274 1091; x_wconf 79' lang='grc' dir='ltr'>πολιτεία,</span> <span class='ocrx_word' id='word_1_104' title='bbox 1287 1055 1358 1092; x_wconf 82' lang='grc' dir='ltr'>βίος</span> <span class='ocrx_word' id='word_1_105' title='bbox 1372 1054 1513 1084; x_wconf 84' lang='grc' dir='ltr'>πόλεως.</span> <span class='ocrx_word' id='word_1_106' title='bbox 1544 1055 1635 1084; x_wconf 88' lang='lat' dir='ltr'>Aris-</span> 
     </span>
    </p>
   </div>
   <div class='ocr_carea' id='block_1_5' title="bbox 171 1104 874 2228">
    <p class='ocr_par' dir='ltr' id='par_1_5' title="bbox 171 1104 874 2172">
     <span class='ocr_line' id='line_1_14' title="bbox 176 1104 871 1143; baseline 0 -11"><span class='ocrx_word' id='word_1_107' title='bbox 176 1113 284 1142; x_wconf 88' lang='lat' dir='ltr'>usurp.</span> <span class='ocrx_word' id='word_1_108' title='bbox 309 1108 342 1134; x_wconf 82' lang='lat' dir='ltr'>et</span> <span class='ocrx_word' id='word_1_109' title='bbox 361 1114 489 1143; x_wconf 84' lang='lat' dir='ltr'>usucap.</span> <span class='ocrx_word' id='word_1_110' title='bbox 506 1109 537 1133; x_wconf 89' lang='lat' dir='ltr'>et</span> <span class='ocrx_word' id='word_1_111' title='bbox 551 1105 636 1142; x_wconf 87' lang='lat' dir='ltr'>quod</span> <span class='ocrx_word' id='word_1_112' title='bbox 658 1104 774 1132; x_wconf 86' lang='lat' dir='ltr'>Paulus</span> <span class='ocrx_word' id='word_1_113' title='bbox 795 1104 871 1133; x_wconf 86' lang='lat' dir='ltr'>dicit</span> 
     </span>
     <span class='ocr_line' id='line_1_15' title="bbox 175 1153 869 1191; baseline -0.003 -8"><span class='ocrx_word' id='word_1_114' title='bbox 175 1157 312 1183; x_wconf 80' lang='lat' dir='ltr'>statuam</span> <span class='ocrx_word' id='word_1_115' title='bbox 328 1163 391 1182; x_wconf 87' lang='lat' dir='ltr'>uno</span> <span class='ocrx_word' id='word_1_116' title='bbox 410 1154 522 1191; x_wconf 86' lang='lat' dir='ltr'>spiritu</span> <span class='ocrx_word' id='word_1_117' title='bbox 542 1153 695 1182; x_wconf 87' lang='lat' dir='ltr'>contineri</span> <span class='ocrx_word' id='word_1_118' title='bbox 709 1153 732 1182; x_wconf 90' lang='lat'>1.</span> <span class='ocrx_word' id='word_1_119' title='bbox 746 1153 776 1181; x_wconf 88' lang='lat' dir='ltr'>in</span> <span class='ocrx_word' id='word_1_120' title='bbox 793 1162 869 1182; x_wconf 90' lang='lat' dir='ltr'>rem.</span> 
     </span>
     <span class='ocr_line' id='line_1_16' title="bbox 174 1202 872 1241; baseline -0.004 -8"><span class='ocrx_word' id='word_1_121' title='bbox 174 1202 228 1234; x_wconf 77' lang='lat' dir='ltr'>‚De</span> <span class='ocrx_word' id='word_1_122' title='bbox 248 1203 309 1232; x_wconf 78' lang='lat' dir='ltr'>Rei</span> <span class='ocrx_word' id='word_1_123' title='bbox 335 1203 424 1232; x_wconf 79' lang='lat' dir='ltr'><em>Viml.</em></span> <span class='ocrx_word' id='word_1_124' title='bbox 446 1204 495 1232; x_wconf 81' lang='lat'>23.</span> <span class='ocrx_word' id='word_1_125' title='bbox 518 1202 536 1241; x_wconf 62' lang='grc' dir='ltr'>ἓ</span> <span class='ocrx_word' id='word_1_126' title='bbox 557 1202 642 1231; x_wconf 80' lang='lat' dir='ltr'>item.</span> <span class='ocrx_word' id='word_1_127' title='bbox 660 1204 690 1231; x_wconf 88' lang='grc'>5.</span> <span class='ocrx_word' id='word_1_128' title='bbox 711 1202 764 1231; x_wconf 93' lang='lat' dir='ltr'>ubi</span> <span class='ocrx_word' id='word_1_129' title='bbox 785 1202 872 1230; x_wconf 87' lang='lat' dir='ltr'>simi-</span> 
     </span>
     <span class='ocr_line' id='line_1_17' title="bbox 175 1251 872 1290; baseline -0.001 -10"><span class='ocrx_word' id='word_1_130' title='bbox 175 1252 249 1282; x_wconf 88' lang='lat' dir='ltr'>liter</span> <span class='ocrx_word' id='word_1_131' title='bbox 272 1252 439 1290; x_wconf 79' lang='lat' dir='ltr'>distinguit</span> <span class='ocrx_word' id='word_1_132' title='bbox 459 1252 541 1280; x_wconf 88' lang='lat' dir='ltr'>inter</span> <span class='ocrx_word' id='word_1_133' title='bbox 562 1260 694 1289; x_wconf 89' lang='lat' dir='ltr'>corpora</span> <span class='ocrx_word' id='word_1_134' title='bbox 713 1251 872 1280; x_wconf 75' lang='lat' dir='ltr'>cohaeren-</span> 
     </span>
     <span class='ocr_line' id='line_1_18' title="bbox 175 1301 873 1339; baseline -0.001 -9"><span class='ocrx_word' id='word_1_135' title='bbox 175 1302 221 1330; x_wconf 87' lang='lat' dir='ltr'>tia</span> <span class='ocrx_word' id='word_1_136' title='bbox 235 1305 266 1332; x_wconf 86' lang='lat' dir='ltr'>et</span> <span class='ocrx_word' id='word_1_137' title='bbox 281 1311 350 1339; x_wconf 86' lang='lat' dir='ltr'>quae</span> <span class='ocrx_word' id='word_1_138' title='bbox 365 1304 440 1330; x_wconf 84' lang='lat' dir='ltr'>sunt</span> <span class='ocrx_word' id='word_1_139' title='bbox 461 1311 499 1330; x_wconf 86' lang='lat' dir='ltr'>ex</span> <span class='ocrx_word' id='word_1_140' title='bbox 521 1301 721 1330; x_wconf 86' lang='lat' dir='ltr'>distantibus.</span> <span class='ocrx_word' id='word_1_141' title='bbox 762 1301 819 1330; x_wconf 91' lang='lat' dir='ltr'>Usi</span> <span class='ocrx_word' id='word_1_142' title='bbox 840 1303 873 1330; x_wconf 87' lang='lat' dir='ltr'>et</span> 
     </span>
     <span class='ocr_line' id='line_1_19' title="bbox 175 1349 872 1388; baseline 0.001 -9"><span class='ocrx_word' id='word_1_143' title='bbox 175 1351 237 1381; x_wconf 83' lang='lat' dir='ltr'>alii.</span> <span class='ocrx_word' id='word_1_144' title='bbox 279 1351 371 1380; x_wconf 92' lang='lat' dir='ltr'>Philo</span> <span class='ocrx_word' id='word_1_145' title='bbox 398 1351 435 1380; x_wconf 83' lang='lat' dir='ltr'>de</span> <span class='ocrx_word' id='word_1_146' title='bbox 456 1350 577 1379; x_wconf 78' lang='lat' dir='ltr'>Mundo</span> <span class='ocrx_word' id='word_1_147' title='bbox 602 1349 692 1388; x_wconf 82' lang='lat' dir='ltr'>(pag.</span> <span class='ocrx_word' id='word_1_148' title='bbox 713 1351 790 1379; x_wconf 79' lang='lat'>1154</span> <span class='ocrx_word' id='word_1_149' title='bbox 812 1349 872 1388; x_wconf 82' lang='lat' dir='ltr'>E):</span> 
     </span>
     <span class='ocr_line' id='line_1_20' title="bbox 176 1400 871 1438; baseline 0.001 -10"><span class='ocrx_word' id='word_1_150' title='bbox 176 1400 242 1438; x_wconf 77' lang='grc' dir='ltr'>ἕξις</span> <span class='ocrx_word' id='word_1_151' title='bbox 257 1400 331 1430; x_wconf 79' lang='grc' dir='ltr'>ἐστὶ</span> <span class='ocrx_word' id='word_1_152' title='bbox 345 1401 474 1437; x_wconf 76' lang='grc' dir='ltr'>πνεῦμα</span> <span class='ocrx_word' id='word_1_153' title='bbox 489 1400 701 1437; x_wconf 69' lang='grc' dir='ltr'>ἀναστρέφον</span> <span class='ocrx_word' id='word_1_154' title='bbox 723 1400 776 1438; x_wconf 81' lang='grc' dir='ltr'>ἐφ’</span> <span class='ocrx_word' id='word_1_155' title='bbox 799 1400 871 1429; x_wconf 74' lang='grc' dir='ltr'>ἑαυ-</span> 
     </span>
     <span class='ocr_line' id='line_1_21' title="bbox 174 1450 871 1488; baseline 0 -10"><span class='ocrx_word' id='word_1_156' title='bbox 174 1450 226 1487; x_wconf 74' lang='grc' dir='ltr'>τῷ</span> <span class='ocrx_word' id='word_1_157' title='bbox 233 1457 240 1464; x_wconf 96' lang='grc'>·</span> <span class='ocrx_word' id='word_1_158' title='bbox 263 1453 349 1478; x_wconf 74' lang='lat' dir='ltr'>tenor</span> <span class='ocrx_word' id='word_1_159' title='bbox 362 1453 406 1478; x_wconf 81' lang='lat' dir='ltr'>est</span> <span class='ocrx_word' id='word_1_160' title='bbox 419 1450 550 1488; x_wconf 72' lang='lat' dir='ltr'>spiritus</span> <span class='ocrx_word' id='word_1_161' title='bbox 564 1450 597 1478; x_wconf 81' lang='lat' dir='ltr'>in</span> <span class='ocrx_word' id='word_1_162' title='bbox 611 1452 701 1478; x_wconf 79' lang='lat' dir='ltr'>semet</span> <span class='ocrx_word' id='word_1_163' title='bbox 719 1459 751 1478; x_wconf 84' lang='lat' dir='ltr'>se</span> <span class='ocrx_word' id='word_1_164' title='bbox 771 1450 871 1478; x_wconf 83' lang='lat' dir='ltr'>revol-</span> 
     </span>
     <span class='ocr_line' id='line_1_22' title="bbox 173 1499 873 1537; baseline 0.001 -11"><span class='ocrx_word' id='word_1_165' title='bbox 173 1507 255 1534; x_wconf 72' lang='lat' dir='ltr'>vem-5⁸,</span> <span class='ocrx_word' id='word_1_166' title='bbox 269 1502 328 1528; x_wconf 84' lang='lat' dir='ltr'>etc.</span> <span class='ocrx_word' id='word_1_167' title='bbox 350 1499 446 1528; x_wconf 83' lang='lat' dir='ltr'>item:</span> <span class='ocrx_word' id='word_1_168' title='bbox 468 1499 533 1537; x_wconf 77' lang='grc' dir='ltr'>ἕξις</span> <span class='ocrx_word' id='word_1_169' title='bbox 555 1499 629 1527; x_wconf 78' lang='grc' dir='ltr'>ἐστὶ</span> <span class='ocrx_word' id='word_1_170' title='bbox 650 1499 873 1536; x_wconf 79' lang='grc' dir='ltr'>πνευματικὸς</span> 
     </span>
     <span class='ocr_line' id='line_1_23' title="bbox 171 1547 871 1587; baseline 0.001 -12"><span class='ocrx_word' id='word_1_171' title='bbox 171 1547 281 1583; x_wconf 72' lang='grc' dir='ltr'>τόνος,</span> <span class='ocrx_word' id='word_1_172' title='bbox 295 1548 413 1585; x_wconf 81' lang='grc' dir='ltr'>δεσμὸς</span> <span class='ocrx_word' id='word_1_173' title='bbox 427 1550 483 1577; x_wconf 79' lang='grc' dir='ltr'>οὐκ</span> <span class='ocrx_word' id='word_1_174' title='bbox 503 1547 679 1587; x_wconf 79' lang='grc' dir='ltr'>ἅῤῥηκτος·</span> <span class='ocrx_word' id='word_1_175' title='bbox 700 1547 792 1577; x_wconf 69' lang='grc' dir='ltr'>α’λλιί</span> <span class='ocrx_word' id='word_1_176' title='bbox 812 1548 871 1585; x_wconf 80' lang='grc' dir='ltr'>μό-</span> 
     </span>
     <span class='ocr_line' id='line_1_24' title="bbox 178 1597 873 1633; baseline -0.001 -8"><span class='ocrx_word' id='word_1_177' title='bbox 178 1607 232 1625; x_wconf 86' lang='grc' dir='ltr'>νον</span> <span class='ocrx_word' id='word_1_178' title='bbox 253 1597 485 1627; x_wconf 77' lang='grc' dir='ltr'>δυσδιάλυτος·</span> <span class='ocrx_word' id='word_1_179' title='bbox 516 1598 616 1626; x_wconf 70' lang='lat' dir='ltr'>Tertor</span> <span class='ocrx_word' id='word_1_180' title='bbox 635 1600 679 1625; x_wconf 77' lang='lat' dir='ltr'>est</span> <span class='ocrx_word' id='word_1_181' title='bbox 694 1597 873 1633; x_wconf 76' lang='lat' dir='ltr'>spiritualis</span> 
     </span>
     <span class='ocr_line' id='line_1_25' title="bbox 175 1645 874 1683; baseline -0.001 -8"><span class='ocrx_word' id='word_1_182' title='bbox 175 1647 369 1683; x_wconf 67' lang='lat' dir='ltr'>continentia,</span> <span class='ocrx_word' id='word_1_183' title='bbox 384 1648 538 1676; x_wconf 76' lang='lat' dir='ltr'>vinculum</span> <span class='ocrx_word' id='word_1_184' title='bbox 554 1657 613 1675; x_wconf 80' lang='lat' dir='ltr'>non</span> <span class='ocrx_word' id='word_1_185' title='bbox 633 1646 804 1681; x_wconf 77' lang='lat' dir='ltr'>insolubile,</span> <span class='ocrx_word' id='word_1_186' title='bbox 819 1645 874 1674; x_wconf 82' lang='lat' dir='ltr'>sed</span> 
     </span>
     <span class='ocr_line' id='line_1_26' title="bbox 174 1695 872 1735; baseline 0.001 -12"><span class='ocrx_word' id='word_1_187' title='bbox 174 1696 276 1724; x_wconf 73' lang='lat' dir='ltr'>solutu</span> <span class='ocrx_word' id='word_1_188' title='bbox 290 1696 429 1735; x_wconf 72' lang='lat' dir='ltr'>dzfficile.</span> <span class='ocrx_word' id='word_1_189' title='bbox 451 1696 545 1734; x_wconf 79' lang='lat' dir='ltr'>(Pag.</span> <span class='ocrx_word' id='word_1_190' title='bbox 561 1695 638 1725; x_wconf 83' lang='lat'>1169</span> <span class='ocrx_word' id='word_1_191' title='bbox 653 1695 700 1733; x_wconf 73' lang='lat' dir='ltr'>A).</span> <span class='ocrx_word' id='word_1_192' title='bbox 741 1695 823 1725; x_wconf 89' lang='lat' dir='ltr'>Vide</span> <span class='ocrx_word' id='word_1_193' title='bbox 840 1698 872 1724; x_wconf 82' lang='lat' dir='ltr'>et</span> 
     </span>
     <span class='ocr_line' id='line_1_27' title="bbox 175 1744 869 1782; baseline 0 -9"><span class='ocrx_word' id='word_1_194' title='bbox 175 1745 344 1774; x_wconf 79' lang='lat' dir='ltr'>Boethium</span> <span class='ocrx_word' id='word_1_195' title='bbox 368 1754 390 1773; x_wconf 91' lang='lat'>1.</span> <span class='ocrx_word' id='word_1_196' title='bbox 411 1745 698 1774; x_wconf 83' lang='lat' dir='ltr'>arithmeticorum:</span> <span class='ocrx_word' id='word_1_197' title='bbox 719 1744 806 1782; x_wconf 87' lang='lat' dir='ltr'>(cap.</span> <span class='ocrx_word' id='word_1_198' title='bbox 828 1744 869 1782; x_wconf 91' lang='lat'>1.)</span> 
     </span>
     <span class='ocr_line' id='line_1_28' title="bbox 174 1793 869 1832; baseline -0.003 -9"><span class='ocrx_word' id='word_1_199' title='bbox 174 1798 207 1823; x_wconf 91' lang='lat' dir='ltr'>et</span> <span class='ocrx_word' id='word_1_200' title='bbox 221 1797 297 1823; x_wconf 82' lang='lat' dir='ltr'>nota</span> <span class='ocrx_word' id='word_1_201' title='bbox 311 1803 380 1823; x_wconf 88' lang='lat' dir='ltr'>cum</span> <span class='ocrx_word' id='word_1_202' title='bbox 396 1795 434 1823; x_wconf 89' lang='lat' dir='ltr'>de</span> <span class='ocrx_word' id='word_1_203' title='bbox 450 1795 568 1832; x_wconf 87' lang='lat' dir='ltr'>populo</span> <span class='ocrx_word' id='word_1_204' title='bbox 583 1794 650 1832; x_wconf 78' lang='grc' dir='ltr'>ἕξιν</span> <span class='ocrx_word' id='word_1_205' title='bbox 661 1797 715 1822; x_wconf 85' lang='lat' dir='ltr'>aut</span> <span class='ocrx_word' id='word_1_206' title='bbox 725 1793 869 1831; x_wconf 88' lang='lat' dir='ltr'>spiritum</span> 
     </span>
     <span class='ocr_line' id='line_1_29' title="bbox 174 1843 869 1880; baseline -0.001 -8"><span class='ocrx_word' id='word_1_207' title='bbox 174 1843 316 1880; x_wconf 79' lang='lat' dir='ltr'>dicimus,</span> <span class='ocrx_word' id='word_1_208' title='bbox 336 1853 399 1872; x_wconf 92' lang='lat' dir='ltr'>non</span> <span class='ocrx_word' id='word_1_209' title='bbox 421 1852 543 1872; x_wconf 90' lang='lat' dir='ltr'>sumere</span> <span class='ocrx_word' id='word_1_210' title='bbox 564 1852 621 1871; x_wconf 89' lang='lat' dir='ltr'>nos</span> <span class='ocrx_word' id='word_1_211' title='bbox 635 1852 742 1872; x_wconf 81' lang='lat' dir='ltr'>vocem</span> <span class='ocrx_word' id='word_1_212' title='bbox 764 1843 795 1871; x_wconf 90' lang='lat' dir='ltr'>in</span> <span class='ocrx_word' id='word_1_213' title='bbox 813 1852 869 1871; x_wconf 89' lang='lat' dir='ltr'>suo</span> 
     </span>
     <span class='ocr_line' id='line_1_30' title="bbox 173 1892 871 1931; baseline -0.001 -9"><span class='ocrx_word' id='word_1_214' title='bbox 173 1893 288 1931; x_wconf 85' lang='lat' dir='ltr'>rigore,</span> <span class='ocrx_word' id='word_1_215' title='bbox 303 1897 339 1922; x_wconf 87' lang='lat' dir='ltr'>ut</span> <span class='ocrx_word' id='word_1_216' title='bbox 356 1894 465 1923; x_wconf 91' lang='lat' dir='ltr'>Conon</span> <span class='ocrx_word' id='word_1_217' title='bbox 482 1893 568 1928; x_wconf 87' lang='lat' dir='ltr'>fecit,</span> <span class='ocrx_word' id='word_1_218' title='bbox 583 1893 637 1922; x_wconf 85' lang='lat' dir='ltr'>sed</span> <span class='ocrx_word' id='word_1_219' title='bbox 655 1892 871 1931; x_wconf 76' lang='grc' dir='ltr'>α’ναλογικῶς,</span> 
     </span>
     <span class='ocr_line' id='line_1_31' title="bbox 173 1943 871 1982; baseline -0.001 -10"><span class='ocrx_word' id='word_1_220' title='bbox 173 1943 407 1982; x_wconf 87' lang='lat' dir='ltr'>comparatione</span> <span class='ocrx_word' id='word_1_221' title='bbox 445 1944 590 1982; x_wconf 83' lang='lat' dir='ltr'>quadam,</span> <span class='ocrx_word' id='word_1_222' title='bbox 631 1944 717 1981; x_wconf 88' lang='lat' dir='ltr'>quali</span> <span class='ocrx_word' id='word_1_223' title='bbox 750 1943 871 1972; x_wconf 87' lang='lat' dir='ltr'>utimur</span> 
     </span>
     <span class='ocr_line' id='line_1_32' title="bbox 173 1993 871 2031; baseline -0.001 -8"><span class='ocrx_word' id='word_1_224' title='bbox 173 1994 268 2023; x_wconf 88' lang='lat' dir='ltr'>etiam</span> <span class='ocrx_word' id='word_1_225' title='bbox 283 2002 352 2022; x_wconf 91' lang='lat' dir='ltr'>cum</span> <span class='ocrx_word' id='word_1_226' title='bbox 368 1994 520 2031; x_wconf 89' lang='lat' dir='ltr'>populum</span> <span class='ocrx_word' id='word_1_227' title='bbox 536 2002 649 2031; x_wconf 86' lang='lat' dir='ltr'>corpus</span> <span class='ocrx_word' id='word_1_228' title='bbox 664 1993 871 2031; x_wconf 75' lang='lat' dir='ltr'>appellamus,</span> 
     </span>
     <span class='ocr_line' id='line_1_33' title="bbox 174 2042 869 2080; baseline -0.004 -8"><span class='ocrx_word' id='word_1_229' title='bbox 174 2043 325 2080; x_wconf 86' lang='lat' dir='ltr'>Spiritum</span> <span class='ocrx_word' id='word_1_230' title='bbox 346 2043 429 2072; x_wconf 91' lang='lat' dir='ltr'>hunc</span> <span class='ocrx_word' id='word_1_231' title='bbox 449 2043 494 2071; x_wconf 89' lang='lat' dir='ltr'>rei</span> <span class='ocrx_word' id='word_1_232' title='bbox 515 2043 650 2080; x_wconf 86' lang='lat' dir='ltr'>speciem</span> <span class='ocrx_word' id='word_1_233' title='bbox 671 2045 764 2070; x_wconf 84' lang='lat' dir='ltr'>vocat</span> <span class='ocrx_word' id='word_1_234' title='bbox 777 2042 869 2070; x_wconf 85' lang='lat' dir='ltr'>Alfe-</span> 
     </span>
     <span class='ocr_line' id='line_1_34' title="bbox 173 2090 867 2130; baseline -0.004 -9"><span class='ocrx_word' id='word_1_235' title='bbox 173 2101 232 2121; x_wconf 89' lang='lat' dir='ltr'>nus</span> <span class='ocrx_word' id='word_1_236' title='bbox 246 2093 278 2120; x_wconf 91' lang='lat' dir='ltr'>in</span> <span class='ocrx_word' id='word_1_237' title='bbox 293 2092 314 2121; x_wconf 93' lang='lat' dir='ltr'>l.</span> <span class='ocrx_word' id='word_1_238' title='bbox 332 2092 578 2130; x_wconf 86' lang='lat' dir='ltr'>proponebatur.</span> <span class='ocrx_word' id='word_1_239' title='bbox 596 2090 645 2120; x_wconf 79' lang='lat'>76.</span> <span class='ocrx_word' id='word_1_240' title='bbox 662 2091 703 2120; x_wconf 94' lang='lat' dir='ltr'>D.</span> <span class='ocrx_word' id='word_1_241' title='bbox 726 2091 764 2119; x_wconf 85' lang='lat' dir='ltr'>de</span> <span class='ocrx_word' id='word_1_242' title='bbox 781 2090 867 2128; x_wconf 87' lang='lat' dir='ltr'>judi-</span> 
     </span>
     <span class='ocr_line' id='line_1_35' title="bbox 172 2141 239 2172; baseline 0.015 -1"><span class='ocrx_word' id='word_1_243' title='bbox 172 2141 239 2172; x_wconf 88' lang='lat' dir='ltr'>ciis.</span> 
     </span>
    </p>

    <p class='ocr_par' dir='ltr' id='par_1_6' title="bbox 231 2188 867 2228">
     <span class='ocr_line' id='line_1_36' title="bbox 231 2188 867 2228; baseline -0.006 -8"><span class='ocrx_word' id='word_1_244' title='bbox 231 2195 244 2212; x_wconf 75' lang='lat'><strong>0</strong></span> <span class='ocrx_word' id='word_1_245' title='bbox 264 2191 300 2220; x_wconf 78' lang='lat' dir='ltr'>Is</span> <span class='ocrx_word' id='word_1_246' title='bbox 313 2194 413 2220; x_wconf 74' lang='lat' dir='ltr'>autem</span> <span class='ocrx_word' id='word_1_247' title='bbox 426 2190 566 2228; x_wconf 80' lang='lat' dir='ltr'>spiritus,</span> <span class='ocrx_word' id='word_1_248' title='bbox 580 2189 644 2218; x_wconf 82' lang='lat' dir='ltr'>sive</span> <span class='ocrx_word' id='word_1_249' title='bbox 665 2188 743 2226; x_wconf 72' lang='grc' dir='ltr'>ἕξις,</span> <span class='ocrx_word' id='word_1_250' title='bbox 759 2188 791 2217; x_wconf 85' lang='lat' dir='ltr'>z&#39;n</span> <span class='ocrx_word' id='word_1_251' title='bbox 806 2197 867 2226; x_wconf 82' lang='lat' dir='ltr'>po-</span> 
     </span>
    </p>
   </div>
   <div class='ocr_carea' id='block_1_6' title="bbox 938 1104 1635 1240">
    <p class='ocr_par' dir='ltr' id='par_1_7' title="bbox 938 1104 1635 1240">
     <span class='ocr_line' id='line_1_37' title="bbox 939 1104 1296 1134; baseline 0.006 -2"><span class='ocrx_word' id='word_1_252' title='bbox 939 1104 1052 1133; x_wconf 86' lang='lat' dir='ltr'>toteles</span> <span class='ocrx_word' id='word_1_253' title='bbox 1067 1104 1168 1133; x_wconf 78' lang='lat' dir='ltr'>Polit.</span> <span class='ocrx_word' id='word_1_254' title='bbox 1185 1113 1230 1133; x_wconf 84' lang='lat' dir='ltr'>1v.</span> <span class='ocrx_word' id='word_1_255' title='bbox 1249 1107 1296 1134; x_wconf 91' lang='grc'>11.</span> 
     </span>
     <span class='ocr_line' id='line_1_38' title="bbox 997 1153 1635 1192; baseline 0.002 -11"><span class='ocrx_word' id='word_1_256' title='bbox 997 1153 1011 1173; x_wconf 74' lang='lat'>‘¹</span> <span class='ocrx_word' id='word_1_257' title='bbox 1040 1153 1220 1182; x_wconf 79' lang='lat' dir='ltr'>Particulis</span> <span class='ocrx_word' id='word_1_258' title='bbox 1242 1154 1402 1191; x_wconf 78' lang='lat' dir='ltr'>paulatim</span> <span class='ocrx_word' id='word_1_259' title='bbox 1430 1154 1635 1192; x_wconf 74' lang='lat' dir='ltr'>commutatis]</span> 
     </span>
     <span class='ocr_line' id='line_1_39' title="bbox 938 1202 1634 1240; baseline 0 -8"><span class='ocrx_word' id='word_1_260' title='bbox 938 1202 1128 1240; x_wconf 86' lang='lat' dir='ltr'>Exemplum</span> <span class='ocrx_word' id='word_1_261' title='bbox 1152 1203 1183 1231; x_wconf 92' lang='lat' dir='ltr'>in</span> <span class='ocrx_word' id='word_1_262' title='bbox 1211 1203 1283 1231; x_wconf 86' lang='lat' dir='ltr'>navi</span> <span class='ocrx_word' id='word_1_263' title='bbox 1310 1203 1365 1232; x_wconf 86' lang='lat' dir='ltr'>dat</span> <span class='ocrx_word' id='word_1_264' title='bbox 1393 1203 1527 1232; x_wconf 88' lang='lat' dir='ltr'>Alfenus</span> <span class='ocrx_word' id='word_1_265' title='bbox 1551 1204 1634 1232; x_wconf 87' lang='lat' dir='ltr'>dicto</span> 
     </span>
    </p>
   </div>
   <div class='ocr_carea' id='block_1_7' title="bbox 933 1252 1634 1291">
    <p class='ocr_par' dir='ltr' id='par_1_8' title="bbox 933 1252 1634 1291">
     <span class='ocr_line' id='line_1_40' title="bbox 933 1252 1634 1291; baseline 0.003 -11"><span class='ocrx_word' id='word_1_266' title='bbox 933 1252 1000 1290; x_wconf 86' lang='lat' dir='ltr'>jam</span> <span class='ocrx_word' id='word_1_267' title='bbox 1022 1252 1104 1285; x_wconf 94' lang='lat' dir='ltr'>loco,</span> <span class='ocrx_word' id='word_1_268' title='bbox 1120 1255 1152 1281; x_wconf 88' lang='lat' dir='ltr'>et</span> <span class='ocrx_word' id='word_1_269' title='bbox 1166 1252 1319 1289; x_wconf 83' lang='lat' dir='ltr'>Ulpianus</span> <span class='ocrx_word' id='word_1_270' title='bbox 1333 1252 1364 1281; x_wconf 92' lang='lat' dir='ltr'>in</span> <span class='ocrx_word' id='word_1_271' title='bbox 1387 1253 1410 1283; x_wconf 91' lang='lat' dir='ltr'>l.</span> <span class='ocrx_word' id='word_1_272' title='bbox 1432 1254 1507 1291; x_wconf 92' lang='lat' dir='ltr'>quid</span> <span class='ocrx_word' id='word_1_273' title='bbox 1529 1256 1634 1282; x_wconf 85' lang='lat' dir='ltr'>tamen</span> 
     </span>
    </p>
   </div>
   <div class='ocr_carea' id='block_1_8' title="bbox 936 1302 1637 2225">
    <p class='ocr_par' dir='ltr' id='par_1_9' title="bbox 936 1302 1637 2225">
     <span class='ocr_line' id='line_1_41' title="bbox 940 1302 1637 1340; baseline 0.003 -10"><span class='ocrx_word' id='word_1_274' title='bbox 940 1304 987 1331; x_wconf 86' lang='lat'>10.</span> <span class='ocrx_word' id='word_1_275' title='bbox 1002 1302 1042 1332; x_wconf 91' lang='lat' dir='ltr'>D.</span> <span class='ocrx_word' id='word_1_276' title='bbox 1059 1302 1173 1340; x_wconf 87' lang='lat' dir='ltr'>quibus</span> <span class='ocrx_word' id='word_1_277' title='bbox 1189 1302 1290 1330; x_wconf 77' lang='lat' dir='ltr'>modis</span> <span class='ocrx_word' id='word_1_278' title='bbox 1300 1303 1498 1332; x_wconf 84' lang='lat' dir='ltr'>ususfructus</span> <span class='ocrx_word' id='word_1_279' title='bbox 1509 1304 1637 1332; x_wconf 85' lang='lat' dir='ltr'>amitta-</span> 
     </span>
     <span class='ocr_line' id='line_1_42' title="bbox 938 1351 1636 1392; baseline 0.004 -12"><span class='ocrx_word' id='word_1_280' title='bbox 938 1354 1001 1381; x_wconf 90' lang='lat' dir='ltr'>tur.</span> <span class='ocrx_word' id='word_1_281' title='bbox 1045 1351 1163 1380; x_wconf 89' lang='lat' dir='ltr'>Navem</span> <span class='ocrx_word' id='word_1_282' title='bbox 1179 1352 1309 1380; x_wconf 88' lang='lat' dir='ltr'>eandem</span> <span class='ocrx_word' id='word_1_283' title='bbox 1331 1362 1398 1381; x_wconf 87' lang='lat' dir='ltr'>esse</span> <span class='ocrx_word' id='word_1_284' title='bbox 1419 1353 1517 1388; x_wconf 87' lang='lat' dir='ltr'>aiunt,</span> <span class='ocrx_word' id='word_1_285' title='bbox 1532 1355 1557 1382; x_wconf 86' lang='lat' dir='ltr'>si</span> <span class='ocrx_word' id='word_1_286' title='bbox 1578 1364 1636 1392; x_wconf 87' lang='lat' dir='ltr'>per</span> 
     </span>
     <span class='ocr_line' id='line_1_43' title="bbox 939 1402 1636 1440; baseline 0.004 -10"><span class='ocrx_word' id='word_1_287' title='bbox 939 1405 1045 1440; x_wconf 88' lang='lat' dir='ltr'>partes</span> <span class='ocrx_word' id='word_1_288' title='bbox 1058 1402 1177 1430; x_wconf 86' lang='lat' dir='ltr'>refecta</span> <span class='ocrx_word' id='word_1_289' title='bbox 1190 1402 1239 1431; x_wconf 88' lang='lat' dir='ltr'>sit.</span> <span class='ocrx_word' id='word_1_290' title='bbox 1281 1402 1379 1431; x_wconf 87' lang='lat' dir='ltr'>Aliud</span> <span class='ocrx_word' id='word_1_291' title='bbox 1394 1403 1419 1431; x_wconf 89' lang='lat' dir='ltr'>si</span> <span class='ocrx_word' id='word_1_292' title='bbox 1437 1404 1588 1432; x_wconf 84' lang='lat' dir='ltr'>dissoluta</span> <span class='ocrx_word' id='word_1_293' title='bbox 1602 1407 1636 1434; x_wconf 86' lang='lat' dir='ltr'>et</span> 
     </span>
     <span class='ocr_line' id='line_1_44' title="bbox 937 1452 1633 1490; baseline 0.006 -11"><span class='ocrx_word' id='word_1_294' title='bbox 937 1452 1159 1489; x_wconf 88' lang='lat' dir='ltr'>recomposita.</span> <span class='ocrx_word' id='word_1_295' title='bbox 1170 1452 1250 1490; x_wconf 86' lang='lat' dir='ltr'>l.qui</span> <span class='ocrx_word' id='word_1_296' title='bbox 1260 1461 1319 1481; x_wconf 91' lang='lat' dir='ltr'>res.</span> <span class='ocrx_word' id='word_1_297' title='bbox 1334 1453 1382 1481; x_wconf 80' lang='lat'>98.</span> <span class='ocrx_word' id='word_1_298' title='bbox 1398 1453 1411 1490; x_wconf 62' lang='grc' dir='ltr'>ξ</span> <span class='ocrx_word' id='word_1_299' title='bbox 1424 1462 1538 1482; x_wconf 89' lang='lat' dir='ltr'>aream.</span> <span class='ocrx_word' id='word_1_300' title='bbox 1550 1455 1578 1482; x_wconf 89' lang='grc'>8.</span> <span class='ocrx_word' id='word_1_301' title='bbox 1589 1454 1633 1484; x_wconf 88' lang='lat' dir='ltr'>D.</span> 
     </span>
     <span class='ocr_line' id='line_1_45' title="bbox 939 1501 1632 1537; baseline 0.004 -8"><span class='ocrx_word' id='word_1_302' title='bbox 939 1501 978 1529; x_wconf 87' lang='lat' dir='ltr'>de</span> <span class='ocrx_word' id='word_1_303' title='bbox 1011 1501 1228 1537; x_wconf 80' lang='lat' dir='ltr'>solutionibus,</span> <span class='ocrx_word' id='word_1_304' title='bbox 1270 1501 1458 1530; x_wconf 84' lang='lat' dir='ltr'>Plutarchus</span> <span class='ocrx_word' id='word_1_305' title='bbox 1494 1503 1608 1532; x_wconf 75' lang='lat' dir='ltr'>Theseo</span> <span class='ocrx_word' id='word_1_306' title='bbox 1622 1514 1632 1533; x_wconf 92' lang='lat'>.·</span> 
     </span>
     <span class='ocr_line' id='line_1_46' title="bbox 939 1549 1635 1588; baseline 0.004 -10"><span class='ocrx_word' id='word_1_307' title='bbox 939 1550 980 1578; x_wconf 78' lang='grc' dir='ltr'>τὸ</span> <span class='ocrx_word' id='word_1_308' title='bbox 1008 1550 1040 1579; x_wconf 78' lang='grc' dir='ltr'>δὲ</span> <span class='ocrx_word' id='word_1_309' title='bbox 1067 1550 1187 1578; x_wconf 81' lang='grc' dir='ltr'>πλοῖον</span> <span class='ocrx_word' id='word_1_310' title='bbox 1215 1551 1248 1579; x_wconf 79' lang='grc' dir='ltr'>ἐν</span> <span class='ocrx_word' id='word_1_311' title='bbox 1277 1549 1302 1588; x_wconf 71' lang='grc' dir='ltr'><strong><em>ᾧ</em></strong></span> <span class='ocrx_word' id='word_1_312' title='bbox 1321 1550 1409 1587; x_wconf 71' lang='grc' dir='ltr'>μετά</span> <span class='ocrx_word' id='word_1_313' title='bbox 1431 1552 1498 1580; x_wconf 80' lang='grc' dir='ltr'>τῶν</span> <span class='ocrx_word' id='word_1_314' title='bbox 1520 1551 1635 1586; x_wconf 81' lang='grc' dir='ltr'>ηἰθέων</span> 
     </span>
     <span class='ocr_line' id='line_1_47' title="bbox 939 1598 1634 1639; baseline 0.004 -12"><span class='ocrx_word' id='word_1_315' title='bbox 939 1598 1082 1627; x_wconf 75' lang='grc' dir='ltr'>ἔπλευσε</span> <span class='ocrx_word' id='word_1_316' title='bbox 1098 1599 1150 1627; x_wconf 84' lang='grc' dir='ltr'>καὶ</span> <span class='ocrx_word' id='word_1_317' title='bbox 1166 1598 1271 1629; x_wconf 74' lang='grc' dir='ltr'>πάλιν</span> <span class='ocrx_word' id='word_1_318' title='bbox 1285 1599 1400 1636; x_wconf 75' lang='grc' dir='ltr'>ἐσώθη,</span> <span class='ocrx_word' id='word_1_319' title='bbox 1410 1600 1471 1636; x_wconf 68' lang='grc' dir='ltr'>τήν</span> <span class='ocrx_word' id='word_1_320' title='bbox 1482 1601 1634 1639; x_wconf 82' lang='grc' dir='ltr'>τριηκόν-</span> 
     </span>
     <span class='ocr_line' id='line_1_48' title="bbox 938 1647 1635 1686; baseline 0 -10"><span class='ocrx_word' id='word_1_321' title='bbox 938 1659 1048 1686; x_wconf 81' lang='grc' dir='ltr'>τορον,</span> <span class='ocrx_word' id='word_1_322' title='bbox 1076 1647 1154 1686; x_wconf 78' lang='grc' dir='ltr'>ἄχρι</span> <span class='ocrx_word' id='word_1_323' title='bbox 1182 1649 1250 1677; x_wconf 74' lang='grc' dir='ltr'>τῶν</span> <span class='ocrx_word' id='word_1_324' title='bbox 1274 1649 1461 1686; x_wconf 81' lang='grc' dir='ltr'><em>Δημητρίου</em></span> <span class='ocrx_word' id='word_1_325' title='bbox 1482 1651 1543 1678; x_wconf 79' lang='grc' dir='ltr'>τοῦ</span> <span class='ocrx_word' id='word_1_326' title='bbox 1569 1651 1635 1679; x_wconf 80' lang='grc' dir='ltr'>Φα-</span> 
     </span>
     <span class='ocr_line' id='line_1_49' title="bbox 938 1696 1636 1734; baseline 0.006 -10"><span class='ocrx_word' id='word_1_327' title='bbox 938 1696 1062 1732; x_wconf 79' lang='grc' dir='ltr'>ληρέως</span> <span class='ocrx_word' id='word_1_328' title='bbox 1087 1696 1214 1734; x_wconf 84' lang='grc' dir='ltr'>χρόνων</span> <span class='ocrx_word' id='word_1_329' title='bbox 1238 1696 1466 1733; x_wconf 80' lang='grc' dir='ltr'>διεφύλαττον</span> <span class='ocrx_word' id='word_1_330' title='bbox 1489 1697 1521 1727; x_wconf 80' lang='grc' dir='ltr'>οἱ</span> <span class='ocrx_word' id='word_1_331' title='bbox 1548 1698 1636 1734; x_wconf 78' lang='grc' dir='ltr'>Ἀθη-</span> 
     </span>
     <span class='ocr_line' id='line_1_50' title="bbox 939 1744 1636 1784; baseline 0.004 -10"><span class='ocrx_word' id='word_1_332' title='bbox 939 1749 1035 1783; x_wconf 81' lang='grc' dir='ltr'>ναῖοι,</span> <span class='ocrx_word' id='word_1_333' title='bbox 1050 1745 1095 1774; x_wconf 65' lang='grc' dir='ltr'>’τά</span> <span class='ocrx_word' id='word_1_334' title='bbox 1109 1746 1168 1783; x_wconf 84' lang='grc' dir='ltr'>μὲν</span> <span class='ocrx_word' id='word_1_335' title='bbox 1181 1744 1312 1774; x_wconf 67' lang='grc' dir='ltr'>’παλαιά</span> <span class='ocrx_word' id='word_1_336' title='bbox 1326 1746 1394 1774; x_wconf 75' lang='grc' dir='ltr'>τῶν</span> <span class='ocrx_word' id='word_1_337' title='bbox 1408 1746 1517 1784; x_wconf 84' lang='grc' dir='ltr'>ξύλων</span> <span class='ocrx_word' id='word_1_338' title='bbox 1536 1747 1636 1784; x_wconf 82' lang='grc' dir='ltr'>ὑφαι-</span> 
     </span>
     <span class='ocr_line' id='line_1_51' title="bbox 937 1794 1635 1835; baseline 0.006 -12"><span class='ocrx_word' id='word_1_339' title='bbox 937 1795 1082 1832; x_wconf 81' lang='grc' dir='ltr'>ροῦντες,</span> <span class='ocrx_word' id='word_1_340' title='bbox 1097 1794 1188 1823; x_wconf 76' lang='grc' dir='ltr'>ἄλλα</span> <span class='ocrx_word' id='word_1_341' title='bbox 1205 1795 1237 1823; x_wconf 75' lang='grc' dir='ltr'>δὲ</span> <span class='ocrx_word' id='word_1_342' title='bbox 1257 1794 1486 1832; x_wconf 74' lang='grc' dir='ltr'>ἐμβάλλοντες</span> <span class='ocrx_word' id='word_1_343' title='bbox 1503 1797 1635 1835; x_wconf 75' lang='grc' dir='ltr'>ἰσχυροὶ,</span> 
     </span>
     <span class='ocr_line' id='line_1_52' title="bbox 937 1844 1636 1881; baseline 0.003 -9"><span class='ocrx_word' id='word_1_344' title='bbox 937 1844 991 1872; x_wconf 79' lang='grc' dir='ltr'>καὶ</span> <span class='ocrx_word' id='word_1_345' title='bbox 1019 1844 1283 1881; x_wconf 76' lang='grc' dir='ltr'>συμπηγνύντες,</span> <span class='ocrx_word' id='word_1_346' title='bbox 1320 1845 1422 1873; x_wconf 75' lang='grc' dir='ltr'>οὕτως</span> <span class='ocrx_word' id='word_1_347' title='bbox 1458 1844 1547 1874; x_wconf 75' lang='grc' dir='ltr'>ὥστε</span> <span class='ocrx_word' id='word_1_348' title='bbox 1582 1846 1636 1875; x_wconf 84' lang='grc' dir='ltr'>καὶ</span> 
     </span>
     <span class='ocr_line' id='line_1_53' title="bbox 937 1892 1635 1932; baseline 0.004 -12"><span class='ocrx_word' id='word_1_349' title='bbox 937 1896 1008 1921; x_wconf 85' lang='grc' dir='ltr'>τοῖς</span> <span class='ocrx_word' id='word_1_350' title='bbox 1023 1892 1229 1929; x_wconf 82' lang='grc' dir='ltr'>φιλοσόφοις</span> <span class='ocrx_word' id='word_1_351' title='bbox 1245 1893 1288 1921; x_wconf 84' lang='grc' dir='ltr'>εἰς</span> <span class='ocrx_word' id='word_1_352' title='bbox 1303 1893 1364 1921; x_wconf 81' lang='grc' dir='ltr'>τὸν</span> <span class='ocrx_word' id='word_1_353' title='bbox 1378 1893 1557 1931; x_wconf 77' lang='grc' dir='ltr'>αὐξόμενον</span> <span class='ocrx_word' id='word_1_354' title='bbox 1574 1894 1635 1932; x_wconf 84' lang='lat' dir='ltr'>[le-</span> 
     </span>
     <span class='ocr_line' id='line_1_54' title="bbox 937 1941 1633 1981; baseline 0.004 -11"><span class='ocrx_word' id='word_1_355' title='bbox 937 1943 1074 1980; x_wconf 83' lang='lat' dir='ltr'>gendum</span> <span class='ocrx_word' id='word_1_356' title='bbox 1092 1941 1285 1979; x_wconf 78' lang='grc' dir='ltr'>αὐξομένων,</span> <span class='ocrx_word' id='word_1_357' title='bbox 1307 1945 1343 1971; x_wconf 76' lang='grc' dir='ltr'>11ίὶ</span> <span class='ocrx_word' id='word_1_358' title='bbox 1363 1943 1459 1971; x_wconf 82' lang='lat' dir='ltr'>habet</span> <span class='ocrx_word' id='word_1_359' title='bbox 1474 1943 1559 1981; x_wconf 86' lang='lat' dir='ltr'>MS.]</span> <span class='ocrx_word' id='word_1_360' title='bbox 1575 1944 1633 1973; x_wconf 80' lang='grc' dir='ltr'>λό-</span> 
     </span>
     <span class='ocr_line' id='line_1_55' title="bbox 937 1990 1635 2030; baseline 0.006 -12"><span class='ocrx_word' id='word_1_361' title='bbox 937 2001 1000 2029; x_wconf 81' lang='grc' dir='ltr'>γον</span> <span class='ocrx_word' id='word_1_362' title='bbox 1033 1990 1316 2028; x_wconf 73' lang='grc' dir='ltr'>ἀμφιδοξούμενον</span> <span class='ocrx_word' id='word_1_363' title='bbox 1342 1991 1555 2030; x_wconf 76' lang='grc' dir='ltr'>παράδειγμα</span> <span class='ocrx_word' id='word_1_364' title='bbox 1593 1993 1635 2022; x_wconf 74' lang='grc' dir='ltr'>’τὸ</span> 
     </span>
     <span class='ocr_line' id='line_1_56' title="bbox 936 2040 1636 2077; baseline 0.006 -10"><span class='ocrx_word' id='word_1_365' title='bbox 936 2040 1057 2068; x_wconf 72' lang='grc' dir='ltr'>’πλοῖον</span> <span class='ocrx_word' id='word_1_366' title='bbox 1072 2040 1166 2075; x_wconf 84' lang='grc' dir='ltr'>εἶναι,</span> <span class='ocrx_word' id='word_1_367' title='bbox 1183 2040 1250 2068; x_wconf 75' lang='grc' dir='ltr'>τῶν</span> <span class='ocrx_word' id='word_1_368' title='bbox 1268 2040 1327 2077; x_wconf 83' lang='grc' dir='ltr'>μὲν</span> <span class='ocrx_word' id='word_1_369' title='bbox 1348 2040 1390 2068; x_wconf 87' lang='grc' dir='ltr'>ω’ς</span> <span class='ocrx_word' id='word_1_370' title='bbox 1403 2041 1444 2068; x_wconf 76' lang='grc' dir='ltr'>τὸ</span> <span class='ocrx_word' id='word_1_371' title='bbox 1461 2043 1554 2077; x_wconf 82' lang='grc' dir='ltr'>αὐτὸ,</span> <span class='ocrx_word' id='word_1_372' title='bbox 1568 2043 1636 2071; x_wconf 78' lang='grc' dir='ltr'>τῶν</span> 
     </span>
     <span class='ocr_line' id='line_1_57' title="bbox 936 2088 1636 2127; baseline 0.003 -10"><span class='ocrx_word' id='word_1_373' title='bbox 936 2089 969 2117; x_wconf 74' lang='grc' dir='ltr'>δὲ</span> <span class='ocrx_word' id='word_1_374' title='bbox 985 2088 1026 2117; x_wconf 74' lang='grc' dir='ltr'>αἱς</span> <span class='ocrx_word' id='word_1_375' title='bbox 1045 2089 1080 2117; x_wconf 86' lang='grc' dir='ltr'>οὺ</span> <span class='ocrx_word' id='word_1_376' title='bbox 1101 2089 1142 2116; x_wconf 76' lang='grc' dir='ltr'>τὸ</span> <span class='ocrx_word' id='word_1_377' title='bbox 1165 2089 1246 2117; x_wconf 80' lang='grc' dir='ltr'>αὐτὸ</span> <span class='ocrx_word' id='word_1_378' title='bbox 1268 2088 1422 2126; x_wconf 79' lang='grc' dir='ltr'>διαμένει,</span> <span class='ocrx_word' id='word_1_379' title='bbox 1444 2090 1636 2127; x_wconf 82' lang='grc' dir='ltr'>λεγόντων·</span> 
     </span>
     <span class='ocr_line' id='line_1_58' title="bbox 936 2137 1635 2175; baseline 0.004 -10"><span class='ocrx_word' id='word_1_380' title='bbox 936 2137 1057 2166; x_wconf 83' lang='lat' dir='ltr'>Navem</span> <span class='ocrx_word' id='word_1_381' title='bbox 1071 2140 1180 2172; x_wconf 75' lang='lat' dir='ltr'>aulem,</span> <span class='ocrx_word' id='word_1_382' title='bbox 1195 2138 1227 2165; x_wconf 81' lang='lat' dir='ltr'>in</span> <span class='ocrx_word' id='word_1_383' title='bbox 1242 2147 1305 2175; x_wconf 81' lang='lat' dir='ltr'>qua</span> <span class='ocrx_word' id='word_1_384' title='bbox 1319 2147 1386 2166; x_wconf 86' lang='lat' dir='ltr'>cum</span> <span class='ocrx_word' id='word_1_385' title='bbox 1400 2139 1518 2167; x_wconf 78' lang='lat' dir='ltr'>delecta</span> <span class='ocrx_word' id='word_1_386' title='bbox 1522 2139 1635 2175; x_wconf 79' lang='lat' dir='ltr'>juven-</span> 
     </span>
     <span class='ocr_line' id='line_1_59' title="bbox 936 2187 1634 2225; baseline 0 -9"><span class='ocrx_word' id='word_1_387' title='bbox 936 2190 997 2216; x_wconf 78' lang='lat' dir='ltr'>tute</span> <span class='ocrx_word' id='word_1_388' title='bbox 1015 2187 1177 2224; x_wconf 73' lang='lat' dir='ltr'>navz&#39;yavit</span> <span class='ocrx_word' id='word_1_389' title='bbox 1189 2187 1354 2224; x_wconf 78' lang='lat' dir='ltr'>salvusque</span> <span class='ocrx_word' id='word_1_390' title='bbox 1373 2187 1467 2217; x_wconf 77' lang='lat' dir='ltr'>rediit</span> <span class='ocrx_word' id='word_1_391' title='bbox 1492 2187 1634 2225; x_wconf 78' lang='lat' dir='ltr'>Theseus,</span> 
     </span>
    </p>
   </div>
   <div class='ocr_carea' id='block_1_9' title="bbox 603 2281 1149 2289">
    <p class='ocr_par' dir='ltr' id='par_1_10' title="bbox 603 2281 1149 2289">
     <span class='ocr_line' id='line_1_60' title="bbox 603 2281 1149 2289; baseline 0 0"><span class='ocrx_word' id='word_1_392' title='bbox 603 2281 1149 2289; x_wconf 95' lang='lat' dir='ltr'> </span> 
     </span>
    </p>
   </div>
   <div class='ocr_carea' id='block_1_10' title="bbox 173 2349 1636 2961">
    <p class='ocr_par' dir='ltr' id='par_1_11' title="bbox 173 2349 1636 2846">
     <span class='ocr_line' id='line_1_61' title="bbox 174 2349 1634 2395; baseline 0.001 -10"><span class='ocrx_word' id='word_1_393' title='bbox 174 2349 366 2391; x_wconf 82' lang='lat' dir='ltr'>elements‚</span> <span class='ocrx_word' id='word_1_394' title='bbox 385 2350 454 2385; x_wconf 88' lang='lat' dir='ltr'>but</span> <span class='ocrx_word' id='word_1_395' title='bbox 478 2351 507 2385; x_wconf 87' lang='lat' dir='ltr'>is</span> <span class='ocrx_word' id='word_1_396' title='bbox 533 2350 676 2395; x_wconf 85' lang='lat' dir='ltr'>subject</span> <span class='ocrx_word' id='word_1_397' title='bbox 700 2355 739 2385; x_wconf 89' lang='lat' dir='ltr'>to</span> <span class='ocrx_word' id='word_1_398' title='bbox 771 2361 841 2385; x_wconf 89' lang='lat' dir='ltr'>one</span> <span class='ocrx_word' id='word_1_399' title='bbox 861 2361 982 2392; x_wconf 89' lang='lat' dir='ltr'>name,</span> <span class='ocrx_word' id='word_1_400' title='bbox 1000 2351 1073 2385; x_wconf 87' lang='lat' dir='ltr'>and</span> <span class='ocrx_word' id='word_1_401' title='bbox 1094 2350 1159 2385; x_wconf 86' lang='lat' dir='ltr'>has</span> <span class='ocrx_word' id='word_1_402' title='bbox 1181 2362 1243 2385; x_wconf 71' lang='lat' dir='ltr'>one</span> <span class='ocrx_word' id='word_1_403' title='bbox 1263 2351 1370 2392; x_wconf 71' lang='lat' dir='ltr'>habit,</span> <span class='ocrx_word' id='word_1_404' title='bbox 1394 2362 1434 2386; x_wconf 89' lang='lat' dir='ltr'>as</span> <span class='ocrx_word' id='word_1_405' title='bbox 1454 2351 1634 2387; x_wconf 82' lang='lat' dir='ltr'>Plutarch</span> 
     </span>
     <span class='ocr_line' id='line_1_62' title="bbox 173 2407 1634 2453; baseline 0.001 -12"><span class='ocrx_word' id='word_1_406' title='bbox 173 2418 267 2452; x_wconf 83' lang='lat' dir='ltr'>says,</span> <span class='ocrx_word' id='word_1_407' title='bbox 283 2418 353 2442; x_wconf 85' lang='lat' dir='ltr'>one</span> <span class='ocrx_word' id='word_1_408' title='bbox 370 2407 486 2453; x_wconf 84' lang='lat' dir='ltr'>spirit,</span> <span class='ocrx_word' id='word_1_409' title='bbox 503 2418 542 2442; x_wconf 85' lang='lat' dir='ltr'>as</span> <span class='ocrx_word' id='word_1_410' title='bbox 558 2407 707 2442; x_wconf 85' lang='lat' dir='ltr'>Paulus.</span> <span class='ocrx_word' id='word_1_411' title='bbox 761 2407 849 2442; x_wconf 91' lang='lat' dir='ltr'>This</span> <span class='ocrx_word' id='word_1_412' title='bbox 870 2408 976 2453; x_wconf 83' lang='lat' dir='ltr'>spirit</span> <span class='ocrx_word' id='word_1_413' title='bbox 996 2419 1039 2442; x_wconf 82' lang='lat' dir='ltr'>or</span> <span class='ocrx_word' id='word_1_414' title='bbox 1054 2407 1159 2442; x_wconf 83' lang='lat' dir='ltr'>habit</span> <span class='ocrx_word' id='word_1_415' title='bbox 1180 2408 1218 2441; x_wconf 92' lang='lat' dir='ltr'>in</span> <span class='ocrx_word' id='word_1_416' title='bbox 1235 2419 1257 2441; x_wconf 87' lang='lat' dir='ltr'>a</span> <span class='ocrx_word' id='word_1_417' title='bbox 1277 2408 1410 2453; x_wconf 86' lang='lat' dir='ltr'>peoplc</span> <span class='ocrx_word' id='word_1_418' title='bbox 1430 2408 1460 2443; x_wconf 87' lang='lat' dir='ltr'>is</span> <span class='ocrx_word' id='word_1_419' title='bbox 1480 2408 1544 2443; x_wconf 87' lang='lat' dir='ltr'>the</span> <span class='ocrx_word' id='word_1_420' title='bbox 1564 2409 1634 2443; x_wconf 89' lang='lat' dir='ltr'>full</span> 
     </span>
     <span class='ocr_line' id='line_1_63' title="bbox 173 2463 1636 2510; baseline 0.001 -13"><span class='ocrx_word' id='word_1_421' title='bbox 173 2463 249 2497; x_wconf 83' lang='lat' dir='ltr'>and</span> <span class='ocrx_word' id='word_1_422' title='bbox 268 2463 412 2508; x_wconf 84' lang='lat' dir='ltr'>perfect</span> <span class='ocrx_word' id='word_1_423' title='bbox 428 2475 599 2498; x_wconf 89' lang='lat' dir='ltr'>common</span> <span class='ocrx_word' id='word_1_424' title='bbox 619 2464 881 2509; x_wconf 84' lang='lat' dir='ltr'>participation</span> <span class='ocrx_word' id='word_1_425' title='bbox 902 2465 945 2498; x_wconf 83' lang='lat' dir='ltr'>of</span> <span class='ocrx_word' id='word_1_426' title='bbox 957 2464 1040 2499; x_wconf 82' lang='lat' dir='ltr'>civil</span> <span class='ocrx_word' id='word_1_427' title='bbox 1061 2464 1146 2505; x_wconf 80' lang='lat' dir='ltr'>life3</span> <span class='ocrx_word' id='word_1_428' title='bbox 1167 2464 1231 2498; x_wconf 86' lang='lat' dir='ltr'>the</span> <span class='ocrx_word' id='word_1_429' title='bbox 1248 2464 1327 2499; x_wconf 87' lang='lat' dir='ltr'>first</span> <span class='ocrx_word' id='word_1_430' title='bbox 1346 2465 1569 2510; x_wconf 87' lang='lat' dir='ltr'>production</span> <span class='ocrx_word' id='word_1_431' title='bbox 1592 2465 1636 2499; x_wconf 88' lang='lat' dir='ltr'>of</span> 
     </span>
     <span class='ocr_line' id='line_1_64' title="bbox 175 2519 1635 2566; baseline 0.001 -13"><span class='ocrx_word' id='word_1_432' title='bbox 175 2519 294 2554; x_wconf 84' lang='lat' dir='ltr'>which</span> <span class='ocrx_word' id='word_1_433' title='bbox 311 2520 340 2554; x_wconf 92' lang='lat' dir='ltr'>is</span> <span class='ocrx_word' id='word_1_434' title='bbox 352 2520 416 2554; x_wconf 89' lang='lat' dir='ltr'>the</span> <span class='ocrx_word' id='word_1_435' title='bbox 435 2521 682 2566; x_wconf 85' lang='lat' dir='ltr'>sovereignty,</span> <span class='ocrx_word' id='word_1_436' title='bbox 699 2521 762 2555; x_wconf 88' lang='lat' dir='ltr'>the</span> <span class='ocrx_word' id='word_1_437' title='bbox 778 2521 878 2555; x_wconf 88' lang='lat' dir='ltr'>bond</span> <span class='ocrx_word' id='word_1_438' title='bbox 895 2521 944 2566; x_wconf 88' lang='lat' dir='ltr'>by</span> <span class='ocrx_word' id='word_1_439' title='bbox 961 2520 1079 2555; x_wconf 89' lang='lat' dir='ltr'>which</span> <span class='ocrx_word' id='word_1_440' title='bbox 1100 2521 1164 2555; x_wconf 86' lang='lat' dir='ltr'>the</span> <span class='ocrx_word' id='word_1_441' title='bbox 1181 2521 1286 2555; x_wconf 84' lang='lat' dir='ltr'>State</span> <span class='ocrx_word' id='word_1_442' title='bbox 1303 2521 1332 2555; x_wconf 93' lang='lat' dir='ltr'>is</span> <span class='ocrx_word' id='word_1_443' title='bbox 1349 2521 1436 2555; x_wconf 88' lang='lat' dir='ltr'>held</span> <span class='ocrx_word' id='word_1_444' title='bbox 1452 2522 1635 2566; x_wconf 85' lang='lat' dir='ltr'>together,</span> 
     </span>
     <span class='ocr_line' id='line_1_65' title="bbox 174 2575 1634 2623; baseline 0.002 -15"><span class='ocrx_word' id='word_1_445' title='bbox 174 2575 239 2609; x_wconf 83' lang='lat' dir='ltr'>the</span> <span class='ocrx_word' id='word_1_446' title='bbox 256 2575 344 2609; x_wconf 85' lang='lat' dir='ltr'>vital</span> <span class='ocrx_word' id='word_1_447' title='bbox 361 2576 493 2610; x_wconf 83' lang='lat' dir='ltr'>breath</span> <span class='ocrx_word' id='word_1_448' title='bbox 509 2577 634 2610; x_wconf 86' lang='lat' dir='ltr'>drawn</span> <span class='ocrx_word' id='word_1_449' title='bbox 655 2577 703 2622; x_wconf 94' lang='lat' dir='ltr'>by</span> <span class='ocrx_word' id='word_1_450' title='bbox 721 2588 761 2612; x_wconf 91' lang='lat' dir='ltr'>so</span> <span class='ocrx_word' id='word_1_451' title='bbox 777 2588 889 2623; x_wconf 86' lang='lat' dir='ltr'>many</span> <span class='ocrx_word' id='word_1_452' title='bbox 905 2577 1118 2618; x_wconf 87' lang='lat' dir='ltr'>thousands,</span> <span class='ocrx_word' id='word_1_453' title='bbox 1139 2588 1177 2612; x_wconf 87' lang='lat' dir='ltr'>as</span> <span class='ocrx_word' id='word_1_454' title='bbox 1200 2578 1341 2612; x_wconf 83' lang='lat' dir='ltr'>Seneca</span> <span class='ocrx_word' id='word_1_455' title='bbox 1356 2577 1497 2621; x_wconf 85' lang='lat' dir='ltr'>speaks.</span> <span class='ocrx_word' id='word_1_456' title='bbox 1549 2577 1634 2611; x_wconf 89' lang='lat' dir='ltr'>And</span> 
     </span>
     <span class='ocr_line' id='line_1_66' title="bbox 175 2630 1634 2678; baseline 0.003 -14"><span class='ocrx_word' id='word_1_457' title='bbox 175 2630 280 2665; x_wconf 87' lang='lat' dir='ltr'>these</span> <span class='ocrx_word' id='word_1_458' title='bbox 297 2631 466 2665; x_wconf 83' lang='lat' dir='ltr'>artificial</span> <span class='ocrx_word' id='word_1_459' title='bbox 481 2632 609 2667; x_wconf 89' lang='lat' dir='ltr'>bodies</span> <span class='ocrx_word' id='word_1_460' title='bbox 626 2632 719 2668; x_wconf 87' lang='lat' dir='ltr'>have</span> <span class='ocrx_word' id='word_1_461' title='bbox 740 2634 881 2678; x_wconf 84' lang='lat' dir='ltr'>plainly</span> <span class='ocrx_word' id='word_1_462' title='bbox 901 2645 948 2668; x_wconf 89' lang='lat' dir='ltr'>an</span> <span class='ocrx_word' id='word_1_463' title='bbox 965 2634 1123 2678; x_wconf 85' lang='lat' dir='ltr'>analogy</span> <span class='ocrx_word' id='word_1_464' title='bbox 1145 2633 1230 2667; x_wconf 87' lang='lat' dir='ltr'>with</span> <span class='ocrx_word' id='word_1_465' title='bbox 1251 2632 1398 2666; x_wconf 88' lang='lat' dir='ltr'>natural</span> <span class='ocrx_word' id='word_1_466' title='bbox 1418 2632 1556 2668; x_wconf 86' lang='lat' dir='ltr'>bodies.</span> <span class='ocrx_word' id='word_1_467' title='bbox 1602 2633 1634 2668; x_wconf 87' lang='lat' dir='ltr'>A</span> 
     </span>
     <span class='ocr_line' id='line_1_67' title="bbox 175 2687 1634 2734; baseline 0.003 -14"><span class='ocrx_word' id='word_1_468' title='bbox 175 2688 322 2722; x_wconf 85' lang='lat' dir='ltr'>natural</span> <span class='ocrx_word' id='word_1_469' title='bbox 342 2687 442 2732; x_wconf 91' lang='lat' dir='ltr'>body</span> <span class='ocrx_word' id='word_1_470' title='bbox 462 2687 550 2722; x_wconf 91' lang='lat' dir='ltr'>does</span> <span class='ocrx_word' id='word_1_471' title='bbox 575 2692 641 2722; x_wconf 83' lang='lat' dir='ltr'>not</span> <span class='ocrx_word' id='word_1_472' title='bbox 661 2700 767 2723; x_wconf 87' lang='lat' dir='ltr'>cease</span> <span class='ocrx_word' id='word_1_473' title='bbox 784 2694 822 2723; x_wconf 90' lang='lat' dir='ltr'>to</span> <span class='ocrx_word' id='word_1_474' title='bbox 843 2689 890 2724; x_wconf 87' lang='lat' dir='ltr'>be</span> <span class='ocrx_word' id='word_1_475' title='bbox 910 2689 975 2724; x_wconf 87' lang='lat' dir='ltr'>the</span> <span class='ocrx_word' id='word_1_476' title='bbox 994 2701 1107 2729; x_wconf 84' lang='lat' dir='ltr'>same,</span> <span class='ocrx_word' id='word_1_477' title='bbox 1127 2688 1268 2733; x_wconf 84' lang='lat' dir='ltr'>though</span> <span class='ocrx_word' id='word_1_478' title='bbox 1289 2688 1353 2723; x_wconf 88' lang='lat' dir='ltr'>the</span> <span class='ocrx_word' id='word_1_479' title='bbox 1373 2689 1546 2734; x_wconf 88' lang='lat' dir='ltr'>particles</span> <span class='ocrx_word' id='word_1_480' title='bbox 1569 2701 1634 2725; x_wconf 83' lang='lat' dir='ltr'>are</span> 
     </span>
     <span class='ocr_line' id='line_1_68' title="bbox 175 2744 1635 2790; baseline 0.003 -12"><span class='ocrx_word' id='word_1_481' title='bbox 175 2744 368 2790; x_wconf 84' lang='lat' dir='ltr'>gradually</span> <span class='ocrx_word' id='word_1_482' title='bbox 382 2744 560 2789; x_wconf 83' lang='lat' dir='ltr'>changed,</span> <span class='ocrx_word' id='word_1_483' title='bbox 573 2744 638 2778; x_wconf 89' lang='lat' dir='ltr'>the</span> <span class='ocrx_word' id='word_1_484' title='bbox 648 2745 758 2778; x_wconf 84' lang='lat' dir='ltr'>Form</span> <span class='ocrx_word' id='word_1_485' title='bbox 774 2745 979 2790; x_wconf 85' lang='lat' dir='ltr'>remaining</span> <span class='ocrx_word' id='word_1_486' title='bbox 992 2745 1055 2780; x_wconf 89' lang='lat' dir='ltr'>the</span> <span class='ocrx_word' id='word_1_487' title='bbox 1073 2756 1183 2784; x_wconf 88' lang='lat' dir='ltr'>same,</span> <span class='ocrx_word' id='word_1_488' title='bbox 1198 2756 1237 2779; x_wconf 88' lang='lat' dir='ltr'>as</span> <span class='ocrx_word' id='word_1_489' title='bbox 1248 2744 1448 2790; x_wconf 88' lang='lat' dir='ltr'>Alphenus,</span> <span class='ocrx_word' id='word_1_490' title='bbox 1461 2746 1558 2782; x_wconf 84' lang='lat' dir='ltr'>after</span> <span class='ocrx_word' id='word_1_491' title='bbox 1570 2747 1635 2782; x_wconf 83' lang='lat' dir='ltr'>the</span> 
     </span>
     <span class='ocr_line' id='line_1_69' title="bbox 175 2799 673 2846; baseline 0.002 -12"><span class='ocrx_word' id='word_1_492' title='bbox 175 2799 442 2846; x_wconf 87' lang='lat' dir='ltr'>philosophers,</span> <span class='ocrx_word' id='word_1_493' title='bbox 459 2801 673 2835; x_wconf 87' lang='lat' dir='ltr'>discourscs.</span> 
     </span>
    </p>

    <p class='ocr_par' dir='ltr' id='par_1_12' title="bbox 175 2856 1636 2961">
     <span class='ocr_line' id='line_1_70' title="bbox 245 2856 1634 2904; baseline 0.003 -13"><span class='ocrx_word' id='word_1_494' title='bbox 245 2861 267 2891; x_wconf 85' lang='lat'>2</span> <span class='ocrx_word' id='word_1_495' title='bbox 298 2857 381 2891; x_wconf 88' lang='lat' dir='ltr'>And</span> <span class='ocrx_word' id='word_1_496' title='bbox 403 2857 488 2891; x_wconf 83' lang='lat' dir='ltr'>thus</span> <span class='ocrx_word' id='word_1_497' title='bbox 505 2869 558 2892; x_wconf 81' lang='lat' dir='ltr'>we</span> <span class='ocrx_word' id='word_1_498' title='bbox 581 2869 648 2891; x_wconf 86' lang='lat' dir='ltr'>can</span> <span class='ocrx_word' id='word_1_499' title='bbox 674 2857 819 2903; x_wconf 84' lang='lat' dir='ltr'>explain</span> <span class='ocrx_word' id='word_1_500' title='bbox 837 2856 935 2892; x_wconf 85' lang='lat' dir='ltr'>what</span> <span class='ocrx_word' id='word_1_501' title='bbox 954 2857 1096 2893; x_wconf 87' lang='lat' dir='ltr'>Seneca</span> <span class='ocrx_word' id='word_1_502' title='bbox 1113 2869 1206 2904; x_wconf 87' lang='lat' dir='ltr'>says,</span> <span class='ocrx_word' id='word_1_503' title='bbox 1226 2857 1308 2893; x_wconf 86' lang='lat' dir='ltr'>that</span> <span class='ocrx_word' id='word_1_504' title='bbox 1328 2870 1377 2894; x_wconf 92' lang='lat' dir='ltr'>no</span> <span class='ocrx_word' id='word_1_505' title='bbox 1399 2870 1469 2894; x_wconf 90' lang='lat' dir='ltr'>onc</span> <span class='ocrx_word' id='word_1_506' title='bbox 1487 2858 1531 2894; x_wconf 84' lang='lat' dir='ltr'>of</span> <span class='ocrx_word' id='word_1_507' title='bbox 1544 2871 1586 2895; x_wconf 89' lang='lat' dir='ltr'>us</span> <span class='ocrx_word' id='word_1_508' title='bbox 1604 2860 1634 2895; x_wconf 87' lang='lat' dir='ltr'>is</span> 
     </span>
     <span class='ocr_line' id='line_1_71' title="bbox 175 2912 1636 2961; baseline 0.003 -14"><span class='ocrx_word' id='word_1_509' title='bbox 175 2912 238 2948; x_wconf 88' lang='lat' dir='ltr'>the</span> <span class='ocrx_word' id='word_1_510' title='bbox 259 2925 360 2949; x_wconf 88' lang='lat' dir='ltr'>same</span> <span class='ocrx_word' id='word_1_511' title='bbox 379 2915 416 2948; x_wconf 91' lang='lat' dir='ltr'>in</span> <span class='ocrx_word' id='word_1_512' title='bbox 440 2925 509 2960; x_wconf 88' lang='lat' dir='ltr'>age</span> <span class='ocrx_word' id='word_1_513' title='bbox 532 2914 649 2948; x_wconf 82' lang='lat' dir='ltr'>which</span> <span class='ocrx_word' id='word_1_514' title='bbox 668 2913 715 2949; x_wconf 92' lang='lat' dir='ltr'>hc</span> <span class='ocrx_word' id='word_1_515' title='bbox 732 2925 804 2949; x_wconf 85' lang='lat' dir='ltr'>was</span> <span class='ocrx_word' id='word_1_516' title='bbox 827 2915 865 2948; x_wconf 88' lang='lat' dir='ltr'>in</span> <span class='ocrx_word' id='word_1_517' title='bbox 886 2913 1014 2960; x_wconf 87' lang='lat' dir='ltr'>youth,</span> <span class='ocrx_word' id='word_1_518' title='bbox 1038 2915 1111 2950; x_wconf 86' lang='lat' dir='ltr'>this</span> <span class='ocrx_word' id='word_1_519' title='bbox 1130 2915 1242 2961; x_wconf 90' lang='lat' dir='ltr'>being</span> <span class='ocrx_word' id='word_1_520' title='bbox 1264 2916 1490 2951; x_wconf 86' lang='lat' dir='ltr'>understood</span> <span class='ocrx_word' id='word_1_521' title='bbox 1511 2917 1553 2951; x_wconf 85' lang='lat' dir='ltr'>of</span> <span class='ocrx_word' id='word_1_522' title='bbox 1570 2917 1636 2951; x_wconf 85' lang='lat' dir='ltr'>the</span> 
     </span>
    </p>
   </div>
   <div class='ocr_carea' id='block_1_11' title="bbox 1382 2981 1499 3021">
    <p class='ocr_par' dir='ltr' id='par_1_13' title="bbox 1382 2981 1499 3021">
     <span class='ocr_line' id='line_1_72' title="bbox 1382 2981 1499 3021; baseline -0.017 0"><span class='ocrx_word' id='word_1_523' title='bbox 1382 2981 1499 3021; x_wconf 74' lang='lat'>1—⁶2</span> 
     </span>
    </p>
   </div>
   <div class='ocr_carea' id='block_1_12' title="bbox 1653 362 1847 423">
    <p class='ocr_par' dir='ltr' id='par_1_14' title="bbox 1653 362 1847 423">
     <span class='ocr_line' id='line_1_73' title="bbox 1653 362 1828 386; baseline 0 0"><span class='ocrx_word' id='word_1_524' title='bbox 1653 362 1693 386; x_wconf 69' lang='lat' dir='ltr'>De</span> <span class='ocrx_word' id='word_1_525' title='bbox 1704 362 1795 386; x_wconf 76' lang='lat' dir='ltr'>Anim.</span> <span class='ocrx_word' id='word_1_526' title='bbox 1823 362 1828 366; x_wconf 89' lang='lat'>&#39;</span> 
     </span>
     <span class='ocr_line' id='line_1_74' title="bbox 1655 393 1847 423; baseline 0.005 -7"><span class='ocrx_word' id='word_1_527' title='bbox 1655 393 1730 418; x_wconf 74' lang='lat' dir='ltr'>Proc.</span> <span class='ocrx_word' id='word_1_528' title='bbox 1745 400 1771 423; x_wconf 90' lang='lat' dir='ltr'>p.</span> <span class='ocrx_word' id='word_1_529' title='bbox 1787 393 1847 417; x_wconf 81' lang='lat'>1025</span> 
     </span>
    </p>
   </div>
   <div class='ocr_carea' id='block_1_13' title="bbox 1652 429 1850 508">
    <p class='ocr_par' dir='ltr' id='par_1_15' title="bbox 1652 429 1850 508">
     <span class='ocr_line' id='line_1_75' title="bbox 1652 429 1850 483; baseline 0.005 -7"><span class='ocrx_word' id='word_1_530' title='bbox 1652 429 1684 477; x_wconf 65' lang='grc' dir='ltr'>ἶ,</span> <span class='ocrx_word' id='word_1_531' title='bbox 1698 454 1736 476; x_wconf 77' lang='lat'>93.</span> <span class='ocrx_word' id='word_1_532' title='bbox 1753 453 1799 483; x_wconf 67' lang='grc' dir='ltr'>ξε.</span> <span class='ocrx_word' id='word_1_533' title='bbox 1815 453 1850 477; x_wconf 84' lang='lat'>1).</span> 
     </span>
     <span class='ocr_line' id='line_1_76' title="bbox 1653 484 1850 508; baseline 0 -1"><span class='ocrx_word' id='word_1_534' title='bbox 1653 485 1692 508; x_wconf 84' lang='lat' dir='ltr'>De</span> <span class='ocrx_word' id='word_1_535' title='bbox 1706 485 1754 508; x_wconf 75' lang='lat' dir='ltr'>Rei</span> <span class='ocrx_word' id='word_1_536' title='bbox 1772 484 1850 508; x_wconf 75' lang='lat' dir='ltr'>Vind.</span> 
     </span>
    </p>
   </div>
   <div class='ocr_carea' id='block_1_14' title="bbox 1651 697 1851 753">
    <p class='ocr_par' dir='ltr' id='par_1_16' title="bbox 1651 697 1851 753">
     <span class='ocr_line' id='line_1_77' title="bbox 1651 697 1815 722; baseline 0 -1"><span class='ocrx_word' id='word_1_537' title='bbox 1651 698 1710 722; x_wconf 83' lang='lat' dir='ltr'>Sen.</span> <span class='ocrx_word' id='word_1_538' title='bbox 1728 697 1785 722; x_wconf 86' lang='lat' dir='ltr'>Lib.</span> <span class='ocrx_word' id='word_1_539' title='bbox 1800 698 1815 721; x_wconf 90' lang='lat' dir='ltr'>i.</span> 
     </span>
     <span class='ocr_line' id='line_1_78' title="bbox 1653 729 1851 753; baseline 0 -1"><span class='ocrx_word' id='word_1_540' title='bbox 1653 730 1692 753; x_wconf 84' lang='lat' dir='ltr'>De</span> <span class='ocrx_word' id='word_1_541' title='bbox 1705 730 1782 753; x_wconf 80' lang='lat' dir='ltr'>Clem.</span> <span class='ocrx_word' id='word_1_542' title='bbox 1794 736 1815 753; x_wconf 85' lang='lat' dir='ltr'>c.</span> <span class='ocrx_word' id='word_1_543' title='bbox 1830 729 1851 752; x_wconf 82' lang='lat'>4.</span> 
     </span>
    </p>
   </div>
   <div class='ocr_carea' id='block_1_15' title="bbox 1653 888 1792 943">
    <p class='ocr_par' dir='ltr' id='par_1_17' title="bbox 1653 888 1792 943">
     <span class='ocr_line' id='line_1_79' title="bbox 1653 888 1792 915; baseline 0 -3"><span class='ocrx_word' id='word_1_544' title='bbox 1653 889 1684 912; x_wconf 89' lang='lat' dir='ltr'>L.</span> <span class='ocrx_word' id='word_1_545' title='bbox 1699 888 1736 915; x_wconf 79' lang='grc'>76.</span> <span class='ocrx_word' id='word_1_546' title='bbox 1755 889 1792 912; x_wconf 80' lang='lat' dir='ltr'>De</span> 
     </span>
     <span class='ocr_line' id='line_1_80' title="bbox 1653 919 1747 943; baseline 0 -1"><span class='ocrx_word' id='word_1_547' title='bbox 1653 919 1673 942; x_wconf 88' lang='lat' dir='ltr'><em>J</em></span> <span class='ocrx_word' id='word_1_548' title='bbox 1676 920 1747 943; x_wconf 67' lang='lat' dir='ltr'>udis.</span> 
     </span>
    </p>
   </div>
   <div class='ocr_carea' id='block_1_16' title="bbox 1653 958 1792 989">
    <p class='ocr_par' dir='ltr' id='par_1_18' title="bbox 1653 958 1792 989">
     <span class='ocr_line' id='line_1_81' title="bbox 1653 958 1792 989; baseline 0 -7"><span class='ocrx_word' id='word_1_549' title='bbox 1653 958 1740 989; x_wconf 75' lang='lat' dir='ltr'>Epist.</span> <span class='ocrx_word' id='word_1_550' title='bbox 1755 959 1792 983; x_wconf 78' lang='lat'>58.</span> 
     </span>
    </p>
   </div>
  </div>
 </body>
</html>
