2018 3204
141 176 229 211 CAP.
249 172 356 220 XIL]
618 175 686 209 DE
718 174 1117 210 CONTRACTIBUS.
1548 170 1605 214 77

142 288 189 325 ut
212 298 327 325 suum
363 287 513 331 servet,
542 282 693 338 partim
729 289 774 324 ut
808 287 973 339 gratum
1005 282 1128 324 faciat
1157 282 1289 333 alteri,
1326 288 1453 340 negat
1478 283 1602 327 foene-

143 353 325 390 ratorum
350 348 442 389 odio
467 348 823 405 praegravandum.

245 414 387 455 XXII.
444 414 578 469 Leges
610 427 708 454 vero
737 413 925 454 humanae
960 427 1052 467 quae
1089 413 1317 455 concedunt
1348 415 1502 471 aliquid
1532 415 1603 457 sti-

143 478 276 534 pulari
309 493 384 534 pro
407 493 483 519 usu
506 478 700 533 pecuniae,
726 484 798 519 aut
832 478 892 519 rei
927 478 1107 527 alterius,
1140 484 1186 520 ut
1221 479 1332 535 apud
1371 481 1603 523 Hollandos

137 544 225 599 jam
270 543 429 599 pridem
466 557 697 584 concessum
738 549 799 584 est
844 542 932 584 aliis
972 542 1136 597 quidem
1180 539 1297 586 iocto
1332 559 1518 588 nummos
1560 546 1604 587 in

144 614 320 657 centum,
358 608 652 650 mercatoribus
686 613 823 649 autem
856 608 1068 650 duodecim
1114 623 1189 664 pro
1227 625 1304 651 usu
1347 611 1484 653 annali
1519 611 1603 652 exi-

143 688 256 730 gere,
292 673 490 729 siquidem
528 688 626 715 vere
657 679 768 714 stant
805 672 916 714 intra
953 674 1321 728 compensationem
1362 676 1448 730 ejus
1492 677 1602 731 quod

143 738 271 788 abest,
297 745 368 781 aut
399 739 542 780 abesse
564 743 712 793 potest,
738 752 820 779 non
845 745 1032 794 pugnant
1053 753 1143 779 cum
1167 740 1346 781 naturali
1368 747 1440 782 aut
1464 740 1600 783 divino

137 803 255 858 jure:
283 804 345 845 sin
372 819 465 845 011111
496 804 660 845 modum
685 803 900 853 excedunt,
935 798 1253 859 kimpunitatem
1277 811 1476 860 praestare
1510 820 1601 861 pos-

142 876 249 918 sunt,
269 868 337 923 jus
361 870 462 910 dare
487 883 566 909 non
590 874 770 924 possunt.

244 935 408 976 XXIII.
475 935 719 975 Contractus
747 932 963 974 avertendi
993 932 1175 988 periculi,
1212 948 1333 988 quem
1367 930 1602 977 ¹assecura-

142 998 294 1041 tionem
319 1005 477 1046 vocant,
503 998 665 1040 omnino
690 997 824 1039 nullus
847 997 928 1038 erit
951 997 984 1038 si
1019 999 1346 1041 contrahentium
1370 1000 1477 1042 alter
1498 1016 1599 1050 rem,

142 1064 194 1106 de
229 1079 310 1119 qua
347 1064 498 1121 agitur,
536 1068 608 1105 aut
643 1062 800 1104 salvam
831 1076 911 1117 quo
944 1062 1228 1106 destinabatur
1256 1066 1504 1120 pervenisse,
1528 1072 1602 1109 aut

141 1179 259 1208 lucrum
277 1179 454 1217 petentium,
481 1179 537 1208 sed
559 1181 692 1216 propter
717 1187 836 1206 moram

139 1229 318 1257 solventium
347 1229 541 1267 iriflz'quntur.
563 1228 584 1256 I.
608 1237 677 1256 cum
707 1228 833 1265 quidam

140 1279 187 1307 17.
204 1277 222 1316 ξ
237 1280 266 1307 3.
282 1278 322 1307 D.
340 1278 377 1307 de
397 1278 521 1308 Usuris.
565 1277 712 1315 Cujacius
723 1277 756 1305 in
766 1276 835 1304 Ρα-

138 1327 248 1356 ratitlo
267 1327 304 1356 de
324 1327 462 1356 Nautico
483 1327 612 1356 Foenore
627 1337 637 1356 .·
659 1326 773 1354 Foenus
793 1327 837 1354 est

139 1376 224 1414 quod
230 1380 348 1414 proeter
363 1381 474 1406 sortem
487 1376 606 1406 accedit
619 1376 701 1405 lucri
710 1384 812 1405 causoe
824 1384 834 1403 .·

140 1435 248 1462 usura,
269 1427 353 1465 quod
372 1427 491 1456 accedit
511 1436 548 1456 ne
560 1427 593 1455 in
608 1426 720 1455 (Iamno
736 1434 836 1454 verse-

140 1477 192 1503 mr
212 1476 356 1505 creditor.
399 1477 460 1505 Sed
481 1475 555 1514 quia
577 1475 721 1513 plerique
743 1474 837 1503 etiam

141 1533 305 1554 usurarum
327 1526 415 1554 abusi
436 1528 510 1554 sunt
531 1524 667 1560 nomine,
689 1523 786 1561 coepit
806 1525 839 1551 et

141 1573 246 1602 hocin
266 1575 441 1612 sequiorem
463 1574 543 1603 sumi
564 1577 706 1611 partem:
728 1573 760 1601 in
782 1573 839 1600 bo-

141 1632 216 1651 num
241 1627 346 1652 autem
370 1633 495 1652 sensum
519 1623 667 1652 substitui
689 1631 749 1651 vox
772 1622 839 1660 ejus

141 1672 226 1709 quod
242 1673 384 1702 interest.

202 1721 215 1741 ‘¹
252 1722 316 1751 Sub
351 1722 470 1751 modico
507 1721 630 1759 lucello]
666 1722 838 1760 Procopius

144 1771 240 1800 Goth.
280 1779 331 1800 111.
364 1771 395 1799 in
422 1771 567 1799 laudibus
597 1771 757 1807 Germani,
784 1771 837 1809 qui

141 1820 324 1850 Justiniano
345 1820 565 1858 propinquus:
587 1819 742 1857 χρήματα
764 1824 838 1848 τοῖς

141 1869 303 1906 δεομένοις
331 1869 440 1898 ἅπασι
474 1868 662 1898 δεδανεικώς
690 1869 837 1907 μεγάλα,

141 1921 194 1949 καὶ
209 1920 310 1949 τόκον
325 1919 393 1948 οὐδὲ
410 1919 488 1948 ὅσον
500 1918 592 1956 λόγῳ
608 1918 838 1956 κεκομισμένος

140 1969 224 2008 ’πρὸς
237 1969 345 1998 αὐτῶν
360 1968 499 1997 πώποτε
511 1975 518 1983 ·
532 1969 687 2007 pecunias
700 1968 838 1997 omnibus

901 1186 978 1215 opus
992 1177 1175 1207 habentibus
1193 1188 1324 1218 magmas
1344 1180 1441 1210 dabat
1461 1182 1602 1218 utendas,

902 1235 1029 1255 usuram
1043 1230 1152 1263 autem,
1168 1237 1233 1265 quae
1244 1229 1367 1266 quidem
1380 1230 1454 1258 talis
1463 1230 1528 1259 dici
1541 1240 1602 1259 me-

901 1279 1031 1312 reretur,
1041 1285 1197 1314 nunquam
1204 1277 1244 1306 ab
1254 1278 1332 1315 ipsis
1341 1279 1487 1308 sumebat.
1504 1279 1601 1318 (Cap.

903 1323 970 1364 40.)

963 1374 970 1395 ¹
995 1374 1071 1403 Octo
1091 1384 1229 1404 nummos
1249 1376 1283 1404 in
1303 1375 1435 1415 centum]
1458 1377 1547 1406 Idem
1568 1377 1601 1406 in

904 1423 1043 1461 Imperio
1059 1425 1277 1454 constitutum.

963 1471 979 1492 k
1024 1473 1243 1511 Impunitatem
1270 1478 1427 1512 proestare
1458 1476 1601 1514 possunt]

905 1521 982 1550 Ideo
1003 1523 1169 1559 permissas
1187 1526 1261 1552 ante
1282 1533 1315 1552 se
1336 1534 1446 1553 usuras
1467 1526 1506 1554 ad
1528 1536 1602 1555 nor-

904 1580 985 1599 mam
1002 1573 1170 1609 aequiorem
1180 1574 1329 1602 reducere
1344 1573 1365 1603 J
1370 1576 1544 1605 ustinianus
1554 1577 1602 1606 sui

905 1621 997 1649 officii
1015 1621 1154 1651 censuit:
1177 1623 1308 1652 novellis
1329 1632 1448 1654 xxxu.
1467 1633 1601 1656 xxxux.

905 1679 1033 1699 xxxw.

965 1720 971 1741 ¹
993 1720 1275 1759 Assecuraiioncm]
1308 1722 1346 1750 Id
1361 1723 1509 1751 damnum
1524 1723 1555 1751 in
1570 1733 1603 1753 se

904 1769 1061 1807 suscipere
1089 1770 1168 1798 dixit
1191 1770 1359 1799 Suetonius
1388 1771 1533 1801 Claudio.
1562 1774 1602 1810 (c.

904 1818 965 1855 18.)
989 1818 1039 1847 Sic
1055 1818 1167 1847 Cicero
1181 1819 1322 1856 pecuniae
1337 1820 1471 1857 publicae
1481 1822 1603 1858 praedes

903 1868 1035 1906 accepit,
1062 1871 1099 1897 ut
1125 1869 1245 1906 populo
1272 1873 1399 1898 cautum
1427 1874 1509 1899 esset
1536 1871 1603 1901 sine

903 1920 1040 1947 vecturae
1054 1917 1206 1955 periculo,
1217 1918 1422 1956 epistolarum
1433 1921 1481 1956 11,
1496 1921 1543 1950 17.

141 2125 172 2159 is
196 2127 263 2158 not
288 2134 411 2169 usury.
480 2123 530 2158 So
558 2122 828 2157 Demosthenes
855 2122 894 2156 in
925 2122 982 2157 his
1013 2123 1157 2158 oration
1181 2124 1325 2169 against
1352 2124 1604 2167 Pantaenetus‚

142 2181 269 2216 denies
286 2180 368 2215 that
388 2180 435 2215 he
452 2181 482 2215 is
502 2185 541 2215 to
560 2179 606 2214 be
627 2179 856 2225 stigmatized
879 2190 919 2214 as
940 2190 987 2213 an
1007 2191 1138 2214 usurer
1157 2180 1326 2220 because,
1349 2180 1447 2214 what
1467 2193 1603 2227 money

142 2237 190 2272 he
209 2237 344 2282 gained
368 2237 417 2283 by
435 2247 640 2271 commerce
668 2247 709 2270 or
733 2236 990 2271 manufacture
1010 2236 1057 2270 he
1078 2236 1157 2270 lent
1178 2240 1243 2271 out
1263 2241 1302 2270 at
1326 2236 1517 2273 moderato
1547 2239 1602 2272 in-

142 2297 267 2334 terest,
288 2294 411 2339 partly
431 2297 470 2328 to
491 2294 586 2338 keep
604 2293 668 2327 the
689 2293 836 2338 capital,
854 2293 977 2338 partly
998 2297 1036 2327 to
1057 2293 1195 2338 gratify
1215 2292 1386 2328 another.

211 2350 340 2384 XXII.
392 2350 542 2384 Human
563 2350 667 2384 Laws
688 2349 806 2384 which
823 2350 929 2384 allow
947 2349 1156 2394 something
1173 2354 1211 2383 to
1228 2349 1276 2384 be
1297 2349 1523 2384 covenantcd
1542 2350 1602 2385 for

144 2404 208 2440 the
226 2416 290 2440 use
307 2406 350 2440 of
366 2417 512 2452 money,
538 2406 571 2440 if
586 2406 651 2440 the
669 2410 748 2440 rato
771 2406 819 2440 lic
845 2405 1023 2440 withina
1050 2406 1122 2440 due
1143 2406 1432 2451 compensation‚
1448 2417 1512 2440 are
1536 2412 1603 2441 not

145 2462 309 2507 opposed
327 2466 365 2496 to
382 2463 540 2496 Natural
565 2474 607 2497 or
627 2463 762 2497 Divine
784 2463 901 2504 Laws,
922 2474 960 2497 as
988 2463 1026 2496 in
1050 2463 1213 2496 IIolland
1237 2463 1266 2497 it
1295 2462 1361 2496 has
1391 2462 1480 2507 long
1506 2462 1602 2497 been
1634 2493 1645 2507 ,,

144 2517 301 2564 granted
322 2522 360 2552 to
381 2529 533 2563 persons
562 2519 601 2552 in
620 2519 770 2563 general
791 2523 830 2553 to
851 2520 999 2564 requiro
1020 2525 1040 2553 8
1062 2530 1129 2564 per
1149 2523 1246 2554 cent.
1268 2530 1336 2564 per
1356 2529 1506 2560 annum,
1526 2519 1601 2553 and

145 2578 183 2609 to
215 2573 429 2608 Merchants
459 2578 514 2608 12.
570 2575 610 2608 If
636 2575 725 2619 they
754 2575 890 2609 exceed
921 2575 1003 2610 that
1031 2575 1218 2617 standard,
1248 2575 1335 2609 laws
1371 2586 1456 2620 may
1484 2575 1603 2610 afford

145 2631 342 2676 impunity‚
364 2630 432 2665 but
452 2630 541 2675 they
561 2636 698 2665 cannot
717 2632 799 2675 give
819 2642 842 2665 a
862 2631 969 2676 right.

211 2687 360 2721 XXIII.
422 2687 616 2721 Contracts
640 2687 700 2721 for
729 2688 896 2732 averting
919 2687 1005 2728 risk,
1027 2686 1145 2721 which
1166 2697 1229 2721 are
1250 2686 1368 2721 called
1390 2687 1603 2729 Insurancc,

144 2755 209 2778 arc
240 2744 323 2777 void
351 2743 383 2776 if
414 2743 534 2778 either
563 2743 606 2777 of
637 2743 701 2777 the
731 2743 964 2788 contracting
989 2744 1126 2788 parties
1156 2743 1264 2777 know
1294 2743 1376 2777 that
1402 2743 1466 2778 the
1496 2744 1603 2790 thing

143 2800 294 2835 insurcd
319 2800 384 2834 has
406 2800 525 2834 either
544 2799 702 2834 reached
725 2800 771 2834 its
796 2800 1020 2834 destination
1045 2799 1172 2845 safely,
1197 2810 1239 2834 or
1258 2800 1288 2834 is
1309 2800 1398 2834 lost:
1422 2804 1489 2835 not
1515 2802 1603 2847 only

144 2868 193 2892 on
218 2861 375 2892 account
397 2857 439 2891 of
456 2856 518 2891 the
536 2857 658 2902 parity
679 2856 797 2890 which
818 2856 882 2891 the
903 2860 1035 2890 nature
1056 2856 1099 2890 of
1114 2857 1396 2902 permutatorial
1415 2862 1601 2892 contracts

143 2914 320 2960 requires,
347 2914 415 2949 but
441 2913 517 2948 also
535 2913 693 2949 because
723 2912 786 2948 the
814 2924 952 2959 proper
971 2917 1109 2948 matter
1129 2913 1172 2948 of
1194 2912 1268 2949 this
1288 2917 1456 2949 contract
1477 2915 1507 2949 is
1529 2914 1602 2949 loss
