2018 3204
341 137 425 178 4⁴48
597 142 667 176 DE
699 140 879 177 CAUSIS
909 140 1082 176 JUSTIS
1112 140 1183 174 UT
1213 139 1434 180 BELLUM,
1462 138 1572 173 ETC.
1640 137 1806 182 [L1B.11.

341 250 517 294 tumeliis
546 250 638 293 ullis
661 249 775 306 adigi
798 248 991 305 potuisse,
1015 253 1062 289 ut
1091 247 1146 289 ad
1170 246 1261 289 Beli
1289 247 1500 303 templum,
1531 246 1640 302 quod
1664 246 1806 304 Baby-

340 318 433 360 lone
464 322 567 365 erat,
592 315 916 363 instaurandum,
950 314 1120 355 humum
1153 328 1244 354 oum
1271 313 1466 355 militibus
1497 312 1643 354 ceteris
1679 327 1807 370 agge-

340 388 492 425 rerent.
559 381 643 423 Sed
673 380 841 437 propius
872 379 1002 421 nostri
1025 378 1260 435 argumenti
1283 379 1515 435 exemplum
1544 378 1742 420 habemus
1764 377 1806 420 in

341 449 522 490 Thebaea
544 446 719 503 legione,
746 446 797 488 de
822 460 903 501 qua
926 460 1052 501 supra
1075 444 1245 501 egimus,
1278 450 1320 486 et
1342 444 1386 485 in
1417 445 1445 486 J
1449 443 1573 486 uliani
1597 443 1805 494 militibus,

341 514 393 555 de
416 513 563 568 quibus
586 512 642 554 sio
664 512 929 554 Ambrosius:
967 513 1177 552 Julianus
1208 512 1453 566 Imperator
1484 511 1680 561 quamvis
1703 518 1807 552 esset

340 588 557 635 apostata,
591 580 744 620 habuit
776 586 916 619 tamen
945 580 1020 619 sub
1052 592 1094 619 se
1121 578 1394 619 Christianos
1422 577 1580 618 milites
1598 592 1612 617 .·
1647 577 1807 629 quibus

340 661 436 687 cum
479 646 661 694 dicebat,
701 644 927 699 producite
964 644 1101 685 aciem
1139 658 1223 697 pro
1265 644 1504 697 defensione
1543 643 1804 696 reipublicce,

339 713 588 753 obediebant
621 712 690 753 ei:
732 706 845 752 ¹cum
876 718 1018 751 autem
1050 711 1209 751 diceret
1238 710 1311 756 eis,
1339 710 1570 764 producite
1601 722 1730 749 arma
1759 709 1806 749 in

343 779 630 827 Christianos,
674 786 773 819 tunc
818 777 1103 830 aqnoscebant
1144 776 1454 829 Imperatorem
1494 774 1599 815 coeli.
1666 773 1733 814 Sic
1764 780 1807 815 et

339 843 606 899 spiculatores
639 843 814 900 legimus
845 841 899 883 ad
934 841 1143 883 Christum
1172 854 1389 881 conversos
1423 839 1527 880 mori
1556 838 1691 895 potius
1726 839 1806 880 ele-

339 910 459 967 gisse,
498 923 621 965 quam
655 907 797 951 edictis
837 913 879 950 et
914 907 1077 963 judiciis
1120 907 1163 948 in
1201 905 1455 948 Christianos
1493 919 1659 947 manum
1697 919 1805 947 oom-

339 976 570 1018 modarent.

439 1043 466 1084 5
514 1040 775 1083 Tantundem
797 1040 877 1083 erit
902 1040 935 1081 si
955 1039 1045 1095 quis
1068 1039 1169 1082 falso
1195 1041 1436 1096 ¹persuasus
1463 1037 1516 1080 sit
1539 1037 1649 1093 quod
1679 1037 1806 1093 impe-

337 1113 455 1151 ratur
487 1107 683 1164 injustum
713 1121 812 1148 esse.
885 1107 994 1148 Nam
1025 1105 1119 1148 huic
1148 1106 1349 1163 tantisper
1383 1119 1432 1146 ea
1458 1119 1526 1146 res
1554 1119 1630 1160 pro
1665 1103 1806 1145 illicita

118 1051 191 1075 vict.
205 1052 237 1075 (Ie
248 1053 269 1075 J
271 1058 319 1077 ure

120 1082 184 1106 Bell.
198 1089 225 1106 n.
239 1083 277 1107 23.

398 1234 406 1256 ¹
429 1234 506 1264 Cum
530 1237 630 1263 autem
658 1233 774 1263 diceret
801 1233 854 1268 eis,
871 1231 1038 1270 producite
1103 1230 1203 1268 (Pag.
1234 1229 1321 1268 842.)
1364 1229 1565 1267 Augustinus
1599 1227 1747 1266 Epistola
1774 1237 1805 1258 L.

336 1294 429 1314 arma
439 1285 472 1313 in
483 1282 696 1321 Christianos]
711 1283 782 1311 Non
800 1282 883 1310 enim
898 1282 937 1310 ab
953 1281 1038 1309 omni

335 1334 366 1362 vi
400 1334 432 1361 in
468 1332 665 1361 Christianos
695 1331 850 1359 abstinuit
879 1330 1037 1366 Julianus,

335 1385 411 1411 tune
426 1381 561 1410 maxime
580 1381 634 1409 ubi
649 1380 785 1409 colorem
805 1379 942 1417 aliquem
962 1388 1037 1407 nac-

334 1435 386 1461 tus
400 1431 460 1460 sibi
473 1431 649 1460 videbatur.
691 1430 845 1459 Julianus
861 1428 1038 1458 Christiani

324 1482 495 1521 juqulator
506 1481 668 1517 exercitus,
678 1480 709 1508 in
723 1479 907 1518 Hieronymi
919 1478 1037 1516 scripto

333 1533 374 1561 ad
395 1533 632 1571 Nepotianum:
669 1530 837 1569 [Epitaph.
866 1528 1036 1566 Nepotian.

335 1583 427 1612 Tom.
445 1591 467 1612 1.
482 1591 560 1620 pag.
575 1581 613 1611 26
629 1589 659 1610 c.
680 1580 744 1609 Ed.
759 1578 880 1616 BasiL]
898 1581 1036 1616 coeptam

334 1633 401 1671 ejus
420 1632 553 1670 imperio
572 1630 751 1660 Antiochia}
773 1627 1037 1667 persecutionem,

334 1687 368 1713 et
388 1683 539 1722 juvenem
566 1681 726 1719 quendam
760 1682 893 1714 tortum,
928 1681 1037 1706 narrat

334 1732 537 1771 Augustinus
552 1731 590 1760 de
607 1730 742 1760 Ciuitate
757 1728 830 1764 Dei,
846 1727 914 1757 Lib.
932 1736 1035 1756 xvm.

334 1792 403 1821 cap.
420 1784 468 1811 52.
484 1782 516 1810 in
532 1779 767 1819 martyrologiis
790 1777 941 1806 memoria
955 1777 1036 1806 eele-

334 1834 446 1862 bratur
461 1832 492 1861 S.
509 1830 629 1868 Eliphii
645 1829 731 1858 Scoti
751 1832 784 1857 et
799 1828 954 1856 sociorum
970 1827 1036 1865 ejus

334 1885 382 1913 33.
406 1891 485 1920 quos
509 1881 661 1910 Julianus
686 1880 769 1908 inter
792 1878 975 1907 Tunensem
1004 1881 1036 1906 et

337 1932 555 1962 Grandensem
587 1929 747 1958 civitatem
776 1927 926 1956 decollari
950 1928 1034 1956 fecit.

335 1982 417 2012 Vide
455 1983 488 2010 et
521 1980 679 2010 Joannem
718 1977 955 2006 Antiochenum
1002 1977 1034 2005 in

335 2030 492 2070 excerptis
521 2039 559 2060 ex
597 2027 814 2065 manuscripto
840 2025 1034 2056 Peiresiano.

1104 1280 1144 1308 ad
1160 1279 1359 1308 Bonifacium
1375 1279 1489 1307 citatus
1504 1288 1523 1306 a
1540 1278 1695 1307 Gratiano
1711 1287 1806 1306 causa

1105 1338 1157 1359 xx.
1167 1332 1278 1367 quaest.
1294 1328 1343 1357 iii:
1370 1328 1523 1357 Julianus
1538 1328 1655 1356 erstitit
1669 1327 1805 1365 infidelis

1104 1379 1302 1416 Imperator:
1327 1387 1424 1406 nonne
1439 1377 1557 1406 exstitit
1577 1380 1725 1414 apostata
1745 1376 1806 1405 im·-

1104 1438 1182 1466 quus
1193 1431 1221 1457 et
1231 1426 1423 1456 idololatra?
1431 1427 1543 1455 milites
1555 1426 1732 1456 Christiani
1739 1436 1806 1456 ser-

1104 1478 1225 1507 vierunt
1238 1476 1430 1515 Imperatori
1439 1476 1568 1514 infideli,
1582 1476 1637 1504 ubi
1647 1477 1807 1506 veniebant

1104 1528 1150 1557 ad
1163 1537 1291 1557 causam
1309 1526 1430 1556 Christi
1448 1536 1508 1555 non
1526 1526 1731 1565 agnoscebant
1744 1526 1805 1556 ‘nisi

1104 1578 1193 1606 illum
1207 1577 1262 1615 qui
1282 1577 1315 1605 in
1336 1577 1409 1606 coelo
1430 1580 1518 1606 erat.-
1543 1576 1668 1614 quando
1685 1576 1807 1605 volebat

1103 1632 1137 1657 ut
1152 1628 1240 1657 idola
1254 1628 1385 1657 colerent
1399 1630 1426 1656 et
1440 1627 1666 1665 thurificarent,
1676 1636 1804 1665 proepo-

1104 1679 1215 1708 nebant
1230 1678 1280 1707 illi
1294 1678 1407 1707 Deum.
1445 1677 1624 1715 [Laudatus
1637 1677 1725 1705 locus
1736 1677 1804 1715 jam

1104 1738 1200 1767 supra
1216 1728 1284 1757 Lib.
1302 1737 1324 1757 1.
1341 1737 1411 1766 cap.
1427 1727 1471 1757 xi.
1486 1727 1504 1766 ξ
1522 1728 1569 1756 10.
1585 1736 1672 1755 num.
1687 1728 1735 1756 11.
1750 1725 1805 1754 ubi

1103 1778 1165 1808 vid.
1181 1776 1265 1816 not.]

1166 1827 1174 1845 ¹
1198 1828 1317 1858 Vocem
1341 1828 1427 1857 illam
1448 1828 1542 1866 falso
1565 1826 1684 1862 addidi,
1709 1835 1803 1864 quam

1104 1878 1262 1907 sententia
1275 1879 1445 1907 manifesto
1459 1877 1610 1916 postulat,
1621 1876 1681 1905 etsi
1691 1876 1724 1905 in
1736 1884 1803 1904 om-

1102 1929 1194 1956 nibus
1209 1928 1410 1956 Editionibus
1424 1928 1515 1956 desit.
1556 1926 1590 1956 J.
1607 1926 1648 1957 B.

1161 1985 1184 1998 ¹1¹
1206 1977 1426 2014 [inpunitatem
1447 1976 1615 2006 concedunt
1636 1974 1803 2004 obedienti-

1102 2025 1174 2064 bus]
1201 2026 1444 2064 Chrysostomus
1467 2025 1504 2054 de
1523 2024 1732 2055 Providentia
1750 2032 1803 2052 111.

335 2195 501 2243 perform
522 2193 630 2229 other
650 2193 813 2240 military
830 2193 960 2234 works,
980 2193 1049 2227 but
1075 2192 1184 2227 could
1206 2196 1272 2227 not
1292 2191 1339 2227 be
1361 2191 1568 2237 compelled
1588 2194 1628 2225 to
1652 2190 1727 2236 pile
1751 2201 1802 2236 up

336 2253 443 2289 earth
463 2256 502 2287 to
522 2255 664 2286 restore
684 2250 749 2286 the
769 2251 909 2296 temple
927 2250 969 2285 of
986 2250 1108 2285 Belus.
1146 2250 1222 2284 But
1242 2260 1294 2284 we
1314 2249 1409 2283 have
1429 2259 1452 2282 a
1472 2248 1590 2283 closer
1607 2247 1802 2293 exception

336 2312 374 2345 in
391 2310 455 2345 the
471 2309 627 2344 Theban
646 2308 770 2354 legion
786 2308 906 2342 under
922 2307 1062 2348 Julian,
1078 2307 1160 2342 who
1181 2318 1277 2341 were
1293 2306 1441 2351 willing‚
1458 2316 1496 2340 as
1512 2305 1692 2339 Ambrose
1709 2315 1802 2350 says,

335 2373 375 2403 to
403 2378 469 2401 use
492 2366 591 2401 their
612 2376 710 2400 arms
741 2365 800 2400 for
828 2365 893 2399 the
923 2365 1039 2406 State,
1066 2364 1134 2398 but
1164 2368 1229 2398 not
1259 2363 1403 2409 against
1436 2362 1663 2402 Ohristians;
1694 2361 1803 2396 when

336 2423 508 2470 required
526 2427 564 2457 to
585 2422 633 2457 do
653 2422 738 2463 this,
758 2422 847 2468 they
868 2421 1011 2467 obeyed
1028 2421 1092 2456 the
1105 2421 1206 2466 King
1227 2421 1270 2455 of
1285 2421 1438 2460 heaven,
1459 2423 1525 2454 not
1545 2419 1610 2453 the
1631 2429 1803 2464 emperor

337 2482 380 2517 of
396 2481 513 2516 earth.
567 2480 617 2514 So
633 2490 688 2513 we
708 2479 796 2514 read
813 2479 906 2521 that,
927 2479 970 2513 of
986 2478 1050 2513 the
1071 2478 1224 2513 soldiers
1246 2477 1368 2512 whose
1394 2477 1497 2511 office
1518 2477 1547 2511 it
1570 2487 1643 2510 was
1660 2479 1699 2510 to
1717 2486 1801 2510 exe-

336 2543 421 2574 cute
441 2538 506 2573 the
527 2536 769 2577 condemned,
797 2536 903 2570 those
928 2534 1009 2570 who
1026 2535 1100 2570 had
1116 2535 1213 2570 been
1233 2534 1432 2570 converted
1459 2533 1545 2568 died
1564 2533 1691 2568 rather
1711 2532 1802 2567 than

336 2597 397 2642 lay
414 2595 512 2629 their
527 2593 646 2628 hands
664 2604 712 2627 on
733 2592 798 2627 the
817 2592 1031 2627 Christians.

409 2657 430 2686 5
461 2651 541 2686 The
561 2650 641 2685 rule
662 2650 691 2684 is
713 2649 777 2684 the
794 2661 906 2691 same,
927 2649 960 2683 if
976 2661 1049 2695 any
1066 2660 1137 2684 one
1155 2649 1204 2683 be
1220 2649 1351 2695 falsely
1366 2647 1575 2694 persuaded
1594 2647 1676 2682 that
1703 2645 1802 2680 what

338 2711 367 2744 is
391 2707 636 2744 commanded
665 2707 695 2741 is
723 2707 860 2752 unjust.
905 2707 985 2741 The
1010 2707 1116 2751 thing
1141 2707 1171 2741 is
1197 2706 1374 2740 unlawful
1398 2706 1458 2740 for
1482 2705 1571 2746 him,
1591 2715 1630 2739 as
1650 2704 1740 2749 long
1761 2714 1800 2737 as

337 2766 385 2801 he
405 2766 544 2801 retains
561 2764 642 2799 that
660 2764 822 2810 opinion,
839 2775 877 2798 as
898 2775 1053 2809 appears
1070 2763 1119 2809 by
1136 2763 1234 2798 what
1251 2763 1279 2797 is
1298 2763 1376 2797 said
1393 2762 1523 2797 above.

407 2823 473 2857 IV.
522 2827 539 2856 1
572 2823 648 2856 But
662 2821 694 2854 if
708 2820 772 2855 the
795 2821 937 2866 subject
963 2821 1098 2855 doubts
1115 2820 1281 2855 whether
1305 2820 1369 2855 the
1394 2823 1530 2854 matter
1549 2818 1596 2853 be
1613 2817 1738 2852 lawful
1757 2826 1799 2850 or

338 2882 415 2920 not,
436 2883 534 2913 must
552 2878 600 2913 he
618 2877 758 2913 remain
780 2878 881 2924 quiet
898 2889 940 2913 or
957 2878 1052 2925 obey
1072 2874 1161 2923 [and
1182 2878 1287 2913 assist
1312 2877 1350 2911 in
1376 2888 1451 2912 war
1462 2873 1492 2921 ?]
1534 2876 1635 2910 Most
1658 2874 1798 2908 writers
