2018 3204
116 301 176 330 Liv.
188 311 213 330 v.
227 304 266 328 36.

332 116 415 156 210
755 122 824 156 DE
856 121 1198 157 LEGATIONUM
1228 123 1368 157 JURE.
1631 119 1726 167 [Lm.
1745 123 1795 158 ΙΙ.

333 230 385 272 ad
422 244 513 272 eum
543 229 613 285 qui
647 229 766 278 misit,
804 244 893 271 cum
927 228 1132 284 postulato
1168 233 1214 270 ut
1248 243 1340 269 eum
1372 228 1516 283 puniat
1550 234 1623 271 aut
1657 230 1796 280 dedat,

317 297 536 352 'quomodo
561 295 702 337 Gallos
726 295 949 351 postulasse
973 294 1160 350 legimuS,
1187 299 1232 335 ut
1255 293 1331 335 sibi
1360 294 1610 336 dederentur
1636 295 1765 339 Fabii.

430 364 456 404 6
506 361 600 410 Sed,
627 361 736 416 quod
759 374 884 416 supra
905 359 1080 400 diximus
1102 359 1328 415 aliquoties,
1349 360 1528 402 humana
1545 359 1643 416 jura
1663 360 1799 403 omnia.

335 427 394 471 ita
418 442 505 469 esse
535 431 784 481 comparata,
817 431 864 467 ut
894 440 976 466 non
1000 424 1183 482 obligent
1214 425 1256 466 in
1279 440 1436 467 summa
1466 426 1719 475 necessitate,
1755 427 1799 468 id

335 494 387 535 de
410 494 487 534 hoc
511 505 672 548 quoque
693 496 899 547 przeeepto
924 490 1200 533 sanctimoniae
1217 491 1449 548 legatorum
1468 492 1680 534 obtinebit.
1715 493 1798 535 Ve-

333 574 426 600 rum
457 558 491 599 is
514 572 620 613 apex
652 557 904 599 necessitatis
933 572 1016 598 non
1045 562 1106 599 est
1136 557 1178 598 in
1209 557 1409 599 sumtione
1437 572 1580 614 poenae,
1606 572 1728 614 quam
1757 565 1799 601 et

334 624 422 666 aliis
454 623 496 664 in
520 623 679 665 casibus
710 622 796 665 tolli
819 623 916 678 jure
940 622 1124 680 gentium
1153 622 1260 664 infra
1285 624 1514 679 apparebit,
1541 639 1631 666 cum
1655 625 1707 666 de
1736 639 1798 666 so-

334 689 465 732 lennis
498 689 590 731 belli
617 689 826 731 effectibus
853 703 1047 746 agemus:
1079 688 1207 730 multo
1236 689 1367 730 minus
1395 689 1437 731 in
1467 689 1566 740 loco,
1598 695 1796 746 tempore,

334 771 383 797 ac
406 755 526 797 modo
550 755 759 796 sumendae
780 769 924 810 poenae,
949 755 1021 796 sed
1043 754 1085 795 in
1106 755 1382 810 praecautione
1401 755 1541 812 gravis
1564 755 1671 805 mali,
1693 771 1798 811 prae-

334 821 477 864 sertim
502 821 662 877 publici.
725 822 866 871 Quare
890 826 936 862 ut
961 820 1124 862 obviam
1155 827 1273 862 eatur
1296 820 1523 862 imminenti
1547 821 1740 877 periculo,
1766 821 1799 863 si

334 888 414 930 alia
447 888 559 929 nulla
597 892 658 929 est
691 887 797 929 ratio
835 886 996 938 idonea,
1030 892 1073 928 et
1106 886 1276 928 retineri
1312 892 1354 929 et
1387 887 1637 944 interrogari
1672 886 1800 944 legati

335 959 539 1010 poterunt.
594 954 661 995 Ita
692 953 875 994 consules
909 952 1086 994 Romani
1107 953 1320 1009 Tarquinii
1352 953 1537 1010 Plegatos
1569 953 1800 1009 deprehen-

336 1020 497 1070 derunt,
535 1019 774 1061 qliterarum
805 1018 847 1060 in
877 1019 1018 1076 primis
1047 1018 1189 1061 habita
1219 1034 1329 1070 cura,
1362 1025 1410 1062 ut
1438 1019 1579 1062 Livius
1605 1019 1799 1075 loquitur,

335 1100 387 1128 ne
411 1086 717 1128 interciderent.

335 1205 404 1242 βεις
420 1204 463 1233 εἰς
478 1202 540 1238 την
554 1202 681 1241 Ῥώμην
697 1202 861 1240 ἐλθόντες,
878 1204 1032 1241 ὑβρίσαν-
1100 1204 1182 1232 salos
1195 1204 1235 1232 ad
1249 1204 1428 1233 liberta-tem
1445 1203 1628 1233 concitaret.
1671 1203 1801 1233 Plutar-

335 1266 402 1292 τες,
414 1253 632 1291 ἐπέμφθησαν
641 1254 700 1290 μὲν
710 1255 753 1283 εἰς
762 1253 1035 1292 τη“νΚαρχηδύνα,

336 1304 390 1333 καὶ
409 1303 606 1342 ἐξεδόθησαν
629 1303 760 1342 σφίσιν,
782 1305 839 1333 οὐκ
859 1303 980 1333 ἔπαθον
1002 1304 1035 1332 δὲ

338 1353 392 1382 ὑπ’
417 1354 526 1381 αὐτῶν
549 1352 653 1381 δεινὸν
673 1353 776 1389 οὐδὲν,
796 1353 874 1382 ἀλλ’
897 1352 1036 1390 ἀφείθη-

337 1411 409 1432 aar·
435 1402 512 1432 Cum
517 1402 646 1438 juvenes
661 1402 788 1440 quidam
806 1402 901 1441 leyati
916 1412 936 1430 a
954 1402 1036 1431 Car-

336 1453 462 1492 thaqirze
483 1453 617 1482 Romam
630 1453 788 1489 venissent,
812 1453 915 1491 ibique
930 1455 1035 1481 contu-

335 1504 458 1533 meliose
485 1502 629 1541 quceclam
654 1502 812 1540 fecissent,
849 1502 936 1530 missi
966 1505 1038 1531 sunt

340 1553 575 1591 Cartlmqinem‚
597 1552 770 1590 traditique
793 1551 1037 1590 Carthayinien-

335 1604 430 1639 sibus,
451 1603 491 1632 ab
507 1603 556 1631 his
576 1611 647 1631 vero
662 1602 743 1631 m'lzz'l
758 1602 822 1631 illis
837 1603 970 1631 nocitum
985 1605 1038 1639 est,

336 1654 391 1683 sed
404 1653 525 1682 dimissi
538 1656 609 1682 sunt
621 1652 795 1681 incolumes.
838 1651 930 1690 [Exc.
946 1652 1039 1681 Fulv.

337 1704 444 1733 Ursin.
474 1713 559 1732 num.
585 1703 632 1731 18.
667 1702 722 1731 ubi
757 1711 796 1730 ex
828 1702 1039 1740 incogitantia

337 1754 462 1782 Auctor
477 1757 584 1782 noster
598 1755 758 1790 postrema
769 1753 863 1781 verba
873 1753 953 1781 male
968 1761 1039 1781 ver-

337 1803 387 1839 tit,
410 1812 486 1840 pro:
514 1803 700 1840 Traditiquc
721 1803 797 1838 illis,
819 1802 949 1838 scilicet,
970 1802 1037 1830 Ro-

337 1854 446 1889 manis,
470 1862 532 1881 non
551 1852 873 1890 Carthayz'nz'cnsibus,
892 1862 910 1880 a
925 1852 1040 1890 quibus

338 1906 450 1932 contra
464 1902 563 1939 legati
578 1902 676 1930 dediti
691 1905 774 1931 sunt.
816 1902 851 1930 J.
863 1901 919 1939 B.]

396 1958 412 1978 p
434 1952 570 1989 Leyatos
597 1949 873 1988 clepreleenderzmt]
912 1950 1039 1987 Pelopi-

339 2002 394 2030 das
416 2001 448 2028 in
467 2000 592 2029 vincula
614 1999 775 2037 conjectus
795 1999 835 2027 ab
855 1999 1038 2028 Alexandro

339 2051 482 2088 Pheraeo,
499 2049 593 2088 quod,
608 2049 734 2087 legatus
749 2058 819 2078 cum
836 2052 927 2085 esset,
939 2049 1039 2078 Thes-

1100 1254 1186 1289 chus,
1201 1253 1373 1292 (pag-292)
1386 1256 1418 1282 et
1430 1254 1561 1282 Latinus
1576 1253 1712 1292 scriptor
1728 1254 1800 1283 vitae

1101 1302 1271 1341 Pelopidae.
1298 1304 1414 1342 (Corn.
1431 1304 1513 1341 Nep.
1529 1314 1555 1333 c.
1571 1303 1620 1341 5.)

1160 1358 1175 1379 q
1194 1353 1376 1382 Literarum
1396 1353 1427 1381 in
1442 1353 1560 1391 primis
1579 1354 1690 1383 habita
1706 1352 1800 1392 cura]

1101 1402 1183 1432 Vide
1208 1404 1376 1432 Serranum
1399 1404 1431 1431 in
1457 1404 1595 1432 Henrico
1619 1405 1677 1434 IV.
1717 1405 1802 1443 [Aut

1101 1453 1207 1490 potius
1219 1453 1394 1482 Auctorem
1410 1454 1630 1491 Supplementi
1647 1455 1802 1484 Monliar-

1101 1503 1186 1539 dum,
1213 1512 1286 1541 pag.
1303 1504 1371 1532 844.
1415 1503 1504 1532 Edit.
1529 1503 1685 1542 Francos.
1713 1505 1802 1534 1627.

1101 1562 1164 1590 qua
1178 1562 1252 1581 usus
1267 1552 1392 1582 videtur
1406 1554 1541 1584 Auctor.
1585 1554 1698 1592 Neque
1720 1554 1802 1583 enim

1103 1603 1256 1631 Serranus
1271 1603 1355 1631 ultra
1369 1612 1504 1641 regnum
1518 1604 1625 1633 Caroli
1635 1604 1714 1634 VII.
1729 1613 1805 1642 pro-

1105 1653 1208 1682 cessit.
1253 1653 1402 1683 Ceterum
1418 1655 1525 1692 agitur
1539 1654 1582 1683 ibi
1596 1655 1635 1684 de
1650 1664 1699 1689 eo,
1718 1655 1773 1694 qui
1786 1665 1806 1685 a

1106 1703 1242 1732 Secretis
1262 1706 1330 1732 erat
1344 1704 1466 1742 Legato
1482 1705 1653 1743 Hispaniae,
1673 1710 1806 1744 propter

1104 1753 1326 1791 proditionem,
1356 1754 1449 1782 simul
1471 1764 1542 1782 cum
1566 1755 1744 1794 Maerargo,
1772 1756 1805 1785 in

1105 1803 1279 1831 custodiam
1295 1803 1380 1833 dato.
1421 1803 1457 1833 J.
1472 1803 1530 1842 B.]

1162 1848 1175 1866 ⁵
1199 1850 1322 1879 Chorus
1337 1854 1394 1886 est,
1416 1851 1470 1888 qui
1484 1851 1626 1889 loquitur
1640 1852 1720 1889 heic,
1741 1861 1805 1882 non

1104 1899 1247 1934 Fecialis‚
1268 1909 1348 1928 vei-5.
1371 1901 1440 1930 272.
1483 1901 1688 1939 Quamquam
1714 1906 1746 1932 et
1772 1903 1805 1932 in

1105 1950 1273 1987 Excerptis
1295 1959 1333 1978 ex
1356 1951 1451 1989 Trag.
1476 1954 1508 1980 et
1529 1952 1648 1981 Comic.
1674 1953 1805 1989 Graeeis,

1105 1999 1238 2036 Auctor,
1254 1999 1358 2028 nescio
1373 2009 1479 2038 quare,
1495 2000 1526 2029 id
1540 2001 1658 2031 Feciali
1674 2003 1802 2033 tribuat.

1105 2048 1140 2078 t]-
1155 2049 1198 2078 B.

337 2218 376 2250 to
396 2214 444 2248 be
471 2213 614 2259 subject
644 2217 683 2248 to
708 2213 773 2249 the
795 2215 973 2250 Romans.
1026 2214 1065 2249 If
1091 2214 1155 2250 the
1177 2215 1291 2251 crime
1312 2215 1359 2250 be
1382 2227 1486 2251 more
1511 2217 1707 2260 atrocious,
1729 2219 1804 2254 and

336 2272 491 2316 tending
507 2274 546 2305 to
568 2271 694 2316 public
714 2271 896 2313 misehief,
917 2272 982 2306 the
1007 2272 1246 2307 ambassador
1266 2277 1365 2308 must
1385 2273 1432 2308 be
1453 2280 1536 2309 sent
1558 2274 1653 2309 back
1670 2280 1709 2310 to
1725 2276 1804 2310 him

338 2328 418 2363 who
446 2331 529 2363 sent
558 2328 647 2369 him,
669 2328 757 2362 with
782 2340 805 2363 a
830 2329 993 2363 demand
1016 2329 1098 2363 that
1119 2329 1167 2364 he
1188 2330 1234 2364 be
1261 2330 1446 2375 punished
1467 2342 1510 2366 or
1534 2333 1804 2375 surrendered3

336 2397 376 2421 as
396 2385 461 2420 the
480 2385 594 2420 Gauls
615 2385 730 2420 asked
747 2385 829 2420 that
848 2386 913 2421 the
934 2386 1040 2420 Fabii
1061 2387 1194 2421 should
1211 2387 1258 2421 be
1275 2388 1384 2432 given
1404 2399 1455 2433 up
1476 2392 1515 2423 to
1536 2388 1650 2423 them.

408 2445 429 2476 6
460 2443 546 2483 But,
566 2453 605 2476 as
627 2454 680 2477 we
697 2442 790 2477 have
812 2443 891 2477 said
916 2444 1043 2484 above,
1068 2443 1150 2478 that
1170 2444 1219 2478 all
1236 2443 1376 2478 human
1396 2444 1514 2490 rights
1532 2457 1595 2480 are
1615 2457 1655 2481 so
1677 2446 1804 2481 condi-

336 2499 474 2540 tioned,
495 2499 577 2533 that
598 2499 688 2545 they
706 2499 753 2533 do
774 2504 840 2534 not
857 2500 948 2534 bind
970 2501 1008 2534 in
1033 2511 1134 2535 cases
1159 2501 1202 2535 of
1220 2506 1385 2536 extreme
1405 2503 1599 2549 necessity,
1619 2514 1659 2538 so
1679 2503 1709 2538 is
1731 2503 1804 2538 this

336 2559 420 2590 true
445 2557 483 2590 in
508 2556 581 2590 this
607 2556 777 2591 doctrine
801 2557 844 2591 of
871 2557 935 2592 the
960 2558 1207 2603 inviolability
1232 2558 1275 2592 of
1300 2559 1566 2594 ambassadors.
1620 2561 1695 2594 But
1721 2560 1805 2596 that

337 2617 501 2648 extreme
518 2613 561 2647 of
572 2613 755 2659 necessity
768 2614 855 2648 does
873 2618 940 2649 not
958 2625 1069 2648 occur
1085 2615 1124 2648 in
1141 2614 1205 2649 the
1219 2616 1471 2660 requirement
1489 2616 1532 2650 of
1544 2617 1805 2662 punishment3

336 2670 456 2704 which
476 2682 561 2716 may
582 2670 658 2704 also
679 2671 726 2705 be
749 2671 959 2716 suspended
980 2672 1018 2705 in
1043 2671 1152 2706 other
1172 2683 1272 2707 cases
1294 2673 1343 2718 by
1360 2672 1424 2707 the
1444 2673 1533 2707 Law
1554 2674 1597 2708 of
1621 2675 1660 2708 N
1662 2675 1804 2716 ations3

337 2737 376 2760 as
396 2727 470 2760 will
491 2738 630 2772 appear
647 2727 777 2769 below,
796 2727 917 2762 where
938 2740 991 2763 we
1012 2732 1109 2763 treat
1127 2729 1170 2763 of
1186 2729 1251 2764 the
1268 2729 1492 2764 established
1510 2730 1636 2766 effeets
1654 2731 1697 2766 of
1710 2742 1800 2765 war:

337 2782 411 2817 still
431 2783 501 2817 less
520 2784 608 2818 does
630 2784 704 2819 this
726 2785 909 2831 necessity
930 2790 1082 2831 operate
1102 2786 1141 2819 in
1162 2786 1226 2821 the
1243 2786 1360 2832 place,
1380 2787 1481 2828 time,
1501 2787 1574 2821 and
1593 2799 1748 2822 manner
1765 2787 1808 2822 of

338 2839 467 2884 taking
494 2840 752 2885 punishment3
793 2842 860 2876 but
892 2842 922 2877 it
954 2842 1042 2878 does
1068 2843 1156 2878 hold
1182 2844 1221 2878 in
1244 2844 1480 2889 precautions
1505 2845 1648 2890 against
1673 2855 1804 2888 graver
