2018 3204
142 357 182 381 De
196 356 264 388 Offic.
279 355 295 378 i.
309 355 332 379 9.

139 552 235 576 Covar.
248 552 325 575 Tom.

142 582 158 605 i.
173 583 206 606 (Ie
218 584 299 606 matr.
314 590 340 613 p.

140 614 162 635 2.
177 619 199 636 c.
214 613 235 640 7.
252 613 300 643 §2

140 649 169 666 n.
181 643 204 667 9.

140 884 231 918 phitio.
250 883 313 909 Nic.

142 916 258 975 ιὸεςὸᾔὶε.
271 944 309 968 iii.
319 944 340 967 1.

140 974 200 999 Lib.
216 975 260 999 vii,
273 976 296 999 4.

140 1145 222 1175 Vasq.
237 1145 253 1169 i.
270 1145 293 1169 2.

139 1176 212 1205 disp.
227 1176 265 1200 62.
279 1183 301 1199 c.
317 1176 336 1199 1.

139 1212 207 1229 num
228 1207 248 1229 l.
261 1207 328 1229 mccl.

142 1236 163 1259 1.
173 1236 196 1259 2.
203 1237 340 1266 «μάθω-1.

359 94 441 134 398
848 100 915 132 DE
949 97 1125 132 CAUSIS
1156 96 1330 131 DUBHS
1654 93 1750 137 [Lm.
1771 94 1822 130 ΙΙ.

455 211 481 251 2
529 209 651 265 Saepe
685 213 821 249 autem
846 204 1005 254 accidit,
1041 209 1087 246 ut
1115 203 1312 259 judicium
1347 202 1449 243 nihil
1473 201 1575 244 certi
1609 206 1823 252 monstret,

359 275 432 317 sed
462 275 650 316 haesitet:
690 287 781 328 quae
812 270 1016 312 haesitatio
1039 269 1072 311 si
1099 274 1260 311 attenta
1283 267 1610 310 consideratione
1638 267 1826 323 expediri

361 346 550 396 nequeat,
599 338 851 394 sequendum
897 336 976 378 erit
1012 335 1114 377 illud
1151 333 1383 377 Ciceronis:
1434 335 1531 376 bene
1557 335 1826 390 praecipiunt

360 402 458 463 dquz'
481 413 625 448 vetant
657 405 888 460 quicquam
912 416 1037 457 assere
1061 402 1173 457 quod
1196 402 1362 442 dubites
1385 415 1552 456 coquum
1578 401 1637 442 sit
1660 414 1720 442 an
1741 400 1827 442 im·-

360 487 511 528 quum.
575 470 745 512 Hebraei
780 468 966 526 magistri
997 467 1188 509 2dicunt:
1235 474 1359 523 ΡΞΟΠ
1386 474 1432 520 172
1461 457 1618 522 DLWDH
1659 466 1827 508 abstine

361 547 399 580 te
420 553 450 579 a
480 553 526 580 re
550 538 698 578 dubia.
761 535 845 577 Sed
876 535 954 576 hoc
976 533 1108 575 locum
1142 533 1297 574 habere
1324 547 1407 574 non
1429 536 1578 588 potest,
1614 531 1684 573 ubi
1706 530 1827 574 alicui

360 603 521 646 omnino
553 603 800 644 alterutrum
830 606 893 643 est
923 599 1166 649 faciendum,
1204 604 1246 641 et
1276 598 1328 640 de
1359 604 1547 653 utroque,
1578 612 1632 640 an
1664 612 1826 653 aequum

359 670 424 719 sit,
461 668 700 711 dubitatur:
734 674 833 710 tunc
863 666 970 709 enim
997 665 1157 707 ³licebit
1185 665 1223 706 ei
1251 665 1418 722 eligere,
1451 663 1562 719 quod
1590 663 1723 705 minus
1748 663 1827 705 ini-

360 751 485 792 quum
509 735 547 777 ei
571 734 748 777 videtur.
814 733 987 789 Semper
1011 731 1131 780 enim,
1157 731 1227 773 ubi
1258 730 1401 772 electio
1426 729 1547 771 evadi
1569 744 1653 771 non
1674 734 1824 786 potest,

360 802 492 844 minus
519 801 671 843 malum
699 799 900 842 rationem
928 798 1061 840 induit
1092 796 1199 839 boni.
1264 794 1333 840 Ta*
1370 792 1595 855 ἐλάχιστα
1627 791 1828 848 ληπτέον

362 869 451 912 τῶν
478 869 624 918 κακῶν,
649 867 708 909 ait
731 865 999 908 Aristoteles:
1035 863 1192 912 Cicero,
1219 864 1270 904 cle
1294 863 1420 904 malis
1443 863 1638 904 minima.
1698 861 1827 912 Quin-

361 934 523 977 tilianus
540 951 549 975 ε
574 936 622 976 in
640 933 959 988 comparatione
976 931 1190 972 malorum
1214 930 1311 970 bom·
1330 929 1465 971 locum
1483 929 1640 970 obtinet
1659 929 1806 970 levius.

452 1001 533 1044 ΙΙΙ.
587 999 835 1054 Plerumque
860 1012 958 1040 vero
982 996 1023 1038 in
1046 995 1170 1038 rebus
1194 994 1326 1037 dubiis
1350 999 1442 1049 post
1466 1008 1639 1035 examen
1661 993 1828 1049 aliquod

359 1066 519 1108 animus
553 1080 636 1107 non
660 1065 702 1106 in
726 1064 858 1106 medio
883 1064 1027 1110 haeret,
1064 1062 1136 1103 sed
1163 1062 1243 1103 huc
1274 1066 1347 1102 aut
1369 1060 1463 1102 illuc
1496 1059 1658 1102 ducitur
1680 1062 1828 1116 eargu-

359 1132 505 1174 mentis
542 1147 594 1174 ex
630 1145 676 1172 re
713 1129 866 1186 petitis,
900 1135 972 1170 aut
1007 1143 1057 1170 ex
1090 1127 1292 1182 opinione,
1328 1141 1451 1182 quam
1482 1126 1609 1168 habet
1649 1126 1702 1168 de
1735 1125 1827 1167 aliis

359 1198 600 1247 hominibus
636 1195 880 1239 sententiam
913 1209 1036 1251 super
1058 1208 1107 1236 ea
1131 1207 1177 1235 re
1210 1191 1584 1249 pronunciantibus.
1650 1192 1760 1234 Nam
1784 1196 1827 1234 et

1125 1311 1157 1337 et
1172 1311 1263 1336 notas
1278 1310 1404 1336 nostras
1422 1307 1527 1336 videre
1542 1307 1672 1346 poteris.
1714 1307 1748 1336 J.
1764 1307 1806 1337 B.

1184 1363 1197 1378 Θ
1211 1357 1408 1395 Aryumentz‘s
1419 1367 1457 1385 ex
1471 1366 1505 1385 re
1514 1357 1624 1394 petitis
1637 1359 1693 1386 aut
1706 1366 1744 1385 ex
1759 1357 1828 1395 opi-

1124 1408 1222 1443 nione,
1247 1416 1341 1445 quam
1366 1406 1457 1435 habet
1480 1406 1518 1435 de
1540 1406 1616 1435 aliis
1635 1405 1825 1445 hominihus]

1124 1456 1327 1494 Augustinus
1341 1456 1411 1484 Lib.
1428 1464 1466 1486 11.
1488 1455 1525 1484 de
1549 1455 1688 1485 Ordine:
1712 1455 1827 1494 duplex

1124 1509 1168 1535 est
1188 1506 1251 1542 via,
1266 1515 1360 1544 quam
1380 1506 1546 1543 sequimur,
1561 1514 1628 1534 cum
1648 1514 1752 1534 rerum
1771 1515 1827 1534 nos

1125 1557 1298 1586 obscuritas
1312 1559 1418 1592 movet,
1432 1559 1487 1584 aut
1501 1556 1662 1590 rationem,
1678 1559 1734 1584 aut
1747 1558 1827 1585 certe

1125 1608 1352 1636 auctoritatem.
1387 1606 1487 1644 (Cap.
1511 1605 1561 1644 5.)
1596 1606 1745 1644 Explicat
1766 1606 1827 1635 hoc

359 1321 496 1343 σαντες·
517 1312 690 1350 requiritur
712 1320 772 1340 non
792 1310 891 1346 modo,
912 1312 955 1345 nt,
977 1309 1061 1347 quod

357 1363 475 1401 ayitur,
503 1362 544 1391 sit
566 1362 721 1390 honestum
740 1360 929 1397 justumque,
952 1358 1007 1386 secl
1028 1361 1061 1386 ut

347 1414 451 1450 firma
468 1421 506 1441 ac
526 1414 669 1440 constans
688 1410 773 1439 adsit
786 1409 965 1447 persuasio,
981 1408 1060 1436 unde

347 1463 414 1501 fiat
436 1462 529 1499 actio,
554 1464 597 1495 ut,
622 1460 706 1499 quod
726 1460 778 1497 sit,
793 1460 861 1497 fiat
885 1458 953 1487 ideo
977 1458 1062 1496 quod

357 1513 479 1541 animus
492 1509 939 1550 itafacz’cndumjudicaverit.
962 1508 1059 1546 (Pag.

357 1564 414 1593 238
431 1561 478 1600 c.)

416 1611 430 1632 ὓ
456 1612 519 1649 Qui
541 1613 644 1640 vetant
671 1610 838 1648 quicquam
862 1617 954 1646 aqere
977 1607 1062 1645 quod

357 1661 491 1700 dubites]
520 1662 642 1690 Plinius
661 1661 730 1689 Lib.
750 1669 772 1688 Ι.
788 1659 879 1697 epist.
897 1660 943 1688 18.
969 1658 1062 1696 Quod

357 1712 492 1747 dubitas,
507 1711 679 1750 nefi‘ceriS.

410 1761 424 1778 ‘²
433 1761 538 1789 Rabbi
552 1759 784 1796 GAMALiELfin
795 1759 910 1788 Pmrffl
923 1758 1059 1795 ΑΒΟΤΗ,

359 1820 433 1849 pag.
450 1812 497 1839 14.
514 1811 573 1839 Ed.
589 1811 625 1840 P.
641 1810 743 1848 Fagii.
785 1809 822 1838 J.
836 1809 877 1838 B.

417 1860 430 1877 ⁵
452 1861 522 1889 Hoc
545 1869 607 1888 non
631 1859 706 1888 satis
722 1861 808 1887 recte
828 1858 899 1893 dici,
922 1858 1061 1886 ostendit

360 1911 642 1944 Pcmsnonmcs,
665 1908 734 1937 Lib.
750 1916 774 1936 1.
796 1916 864 1944 cap.
880 1908 909 1936 3.
928 1906 945 1944 ξ
962 1908 990 1936 8.
1006 1906 1061 1935 ubi

1127 1658 1257 1688 Gabriel
1278 1658 1424 1695 Vasquez
1451 1656 1569 1695 disput.
1593 1665 1683 1687 LX11.
1704 1665 1773 1695 cap.
1795 1658 1824 1687 3.

1126 1718 1211 1737 num.
1229 1705 1292 1737 10.'

1186 1756 1197 1778 s
1214 1757 1303 1786 Illud
1323 1755 1470 1794 Hesiodi]
1495 1756 1576 1786 Usus
1595 1758 1643 1786 est
1670 1756 1827 1786 Minutius

1125 1810 1199 1846 post
1219 1808 1333 1836 malam
1349 1816 1489 1845 pugnam
1504 1807 1589 1845 apud
1607 1806 1731 1836 Livium
1745 1807 1826 1836 libro

1125 1865 1219 1887 xxm.
1235 1858 1315 1895 (cap.
1336 1857 1398 1894 29.)
1438 1856 1522 1885 Eum
1537 1857 1676 1894 primum
1695 1866 1759 1886 esse
1778 1857 1826 1886 vi-

1125 1915 1205 1942 rum,
1221 1907 1275 1944 qui
1290 1906 1442 1942 consulat,
1455 1905 1534 1944 quid
1552 1906 1586 1935 in
1606 1916 1668 1936 rem
1690 1906 1733 1936 sit
1745 1917 1756 1936 .·
1777 1915 1826 1936 se-

432 2077 453 2107 2
483 2073 520 2108 It
544 2073 649 2108 often
672 2072 840 2118 happens
858 2072 939 2106 that
959 2071 1024 2106 the
1039 2071 1238 2116 judgment
1260 2070 1348 2105 does
1369 2073 1435 2104 not
1452 2079 1669 2115 pronounce
1697 2079 1720 2102 a
1746 2079 1824 2103 cer-

359 2132 438 2165 tain
463 2131 638 2172 decision‚
667 2130 736 2164 but
760 2129 956 2164 hesitates:
989 2128 1064 2162 and
1084 2128 1117 2161 if
1135 2127 1207 2162 this
1232 2127 1434 2162 hesitation
1454 2129 1591 2160 cannot
1607 2125 1653 2160 be
1678 2125 1826 2161 cleared

360 2189 415 2223 off
441 2188 489 2233 by
519 2199 567 2222 an
599 2187 780 2222 attentive
806 2185 1091 2225 consideration,
1123 2184 1283 2219 Cicero’s
1313 2183 1395 2218 rule
1425 2187 1525 2217 must
1553 2182 1601 2217 be
1630 2182 1805 2217 followed
1815 2195 1826 2224 ;
1884 2185 1886 2187 ’

358 2245 464 2279 those
485 2245 611 2278 advise
640 2244 723 2278 well
754 2243 834 2277 who
859 2233 977 2277 dire'ct
1001 2253 1075 2288 you
1096 2246 1162 2276 not
1187 2245 1226 2276 to
1251 2241 1299 2275 do
1330 2240 1511 2286 anything
1535 2239 1578 2273 of
1602 2239 1723 2273 which
1751 2250 1826 2285 you

359 2302 477 2336 doubt
503 2301 669 2335 whether
686 2302 714 2335 it
734 2301 764 2335 is
780 2301 859 2345 just
888 2311 930 2334 or
956 2300 1102 2344 unjust:
1131 2298 1204 2332 and
1235 2309 1275 2332 so
1299 2297 1364 2332 the
1385 2297 1545 2331 Hebrew
1569 2299 1725 2332 masters
1749 2307 1826 2342 say,

357 2359 512 2393 Abstain
521 2360 629 2405 from
650 2358 816 2403 doubtful
833 2358 959 2402 thinys.
1009 2357 1084 2390 But
1111 2355 1183 2390 this
1205 2355 1293 2390 does
1314 2358 1380 2389 not
1397 2354 1509 2399 apply
1528 2353 1568 2387 in
1585 2364 1686 2388 cases
1702 2353 1826 2388 where

356 2427 411 2450 we
429 2415 636 2461 absolutely
656 2420 756 2449 must
773 2415 820 2448 do
839 2425 910 2448 one
931 2413 974 2447 of
990 2418 1062 2447 two
1083 2412 1223 2457 things:
1247 2413 1285 2445 in
1303 2411 1386 2446 that
1403 2422 1485 2445 case
1502 2421 1557 2444 we
1573 2414 1673 2444 must
1689 2409 1826 2446 choose

357 2472 423 2507 the
447 2477 532 2518 part
561 2472 643 2506 that
664 2483 782 2506 seems
800 2471 893 2505 least
914 2471 1051 2515 unjust.
1103 2470 1178 2503 For
1197 2470 1235 2502 in
1258 2469 1307 2502 all
1329 2479 1429 2503 casos
1447 2468 1485 2501 in
1505 2467 1626 2501 which
1646 2466 1711 2502 the
1728 2467 1826 2502 eleo-

358 2530 437 2564 tion
470 2533 608 2564 cannot
639 2528 686 2563 be
718 2527 886 2568 avoided,
919 2526 983 2561 the
1015 2527 1087 2561 less
1116 2527 1243 2571 unjust
1275 2536 1438 2560 assumes
1472 2524 1536 2559 the
1565 2524 1758 2560 character
1785 2524 1830 2558 of

356 2587 468 2631 good.
517 2586 597 2621 The
614 2586 707 2620 least
728 2586 770 2621 of
791 2585 880 2620 evils
898 2585 928 2619 is
945 2588 984 2619 to
1005 2584 1052 2619 be
1070 2583 1216 2618 chosen.
1265 2583 1315 2617 So
1336 2581 1526 2623 Aristotle,
1544 2581 1684 2623 Cicero,
1707 2581 1824 2623 Quin—-

361 2644 479 2678 tilian.

427 2701 497 2734 III.
547 2700 623 2734 But
643 2700 681 2733 in
701 2702 798 2733 most
824 2709 936 2739 cases,
957 2699 996 2732 in
1017 2697 1174 2732 dubious
1197 2699 1363 2738 matters,
1387 2695 1452 2731 the
1473 2695 1576 2730 mind
1599 2694 1697 2730 after
1720 2705 1824 2730 some

357 2757 619 2798 examination,
637 2756 726 2790 does
742 2760 809 2790 not
825 2757 968 2790 romain
985 2754 1205 2795 undeeided,
1222 2754 1290 2788 but
1307 2754 1336 2788 is
1351 2753 1475 2787 drawn
1486 2752 1560 2787 this
1576 2764 1656 2798 way
1673 2763 1716 2786 or
1731 2751 1824 2792 that,

357 2811 407 2857 by
428 2817 640 2857 arguments
663 2813 814 2847 derived
842 2813 941 2847 from
967 2812 1032 2846 the
1053 2812 1206 2856 subject,
1241 2821 1282 2845 or
1310 2811 1359 2856 by
1381 2810 1446 2845 the
1471 2810 1623 2855 opinion
1642 2808 1761 2843 which
1792 2807 1822 2842 it

357 2867 424 2903 has
446 2869 488 2903 of
505 2869 613 2904 other
632 2880 719 2904 men
736 2870 816 2904 who
836 2870 976 2904 deiivcr
1006 2868 1105 2904 their
1129 2868 1347 2904 sentiments
1375 2878 1424 2902 on
1450 2866 1514 2901 the
1534 2866 1686 2910 subject.
1747 2864 1822 2898 For
