2018 3204
897 247 1115 290 CAPUT
1153 248 1249 290 XX.

933 360 1004 395 DE
1033 361 1216 396 POENIS.

404 466 434 500 I.
509 465 634 498 Poenae
651 463 804 510 dc‘finitio
820 470 851 498 et
867 464 974 509 oriqo.

399 522 449 556 II.
513 521 679 566 Spectare
693 533 841 566 poenam
865 522 915 555 acl
935 521 1041 568 justi-

513 579 602 612 tiam
633 579 863 624 evpletricem,
894 584 925 613 et
957 590 1042 624 quo-

514 636 628 670 nzoclo.

513 693 669 727 Poenam
719 699 821 728 certae
876 704 1042 738 personae

514 751 732 785 naturaliter
752 762 824 784 non
844 751 968 791 deberi,
985 751 1044 785 secl

514 809 604 853 eoeiyi
620 820 766 853 poenam
793 808 892 848 licite,
924 808 1043 853 quoad

506 866 569 911 jus
582 871 736 906 naturoe,
753 866 797 899 ab
811 876 846 899 eo
860 865 921 910 qui
927 865 1042 910 paria

513 934 585 955 non
605 923 795 967 deliquerit.

393 979 458 1014 IV.
511 979 667 1013 Poenam
698 979 863 1013 utilitatis
890 980 1042 1026 alicujus

515 1048 624 1071 causa
686 1037 893 1081 eoeiyendam
950 1037 1041 1071 inter

515 1093 668 1127 homines
690 1094 794 1127 aliter
813 1105 921 1139 quam
942 1094 1043 1139 apud

512 1150 642 1189 Deum,
661 1156 691 1184 et
708 1162 828 1195 quare.

403 1208 450 1242 V.
515 1207 592 1249 Quo
605 1218 705 1240 sensu
721 1208 808 1242 ultio
825 1208 1041 1242 naturaliter

512 1264 557 1297 sit
577 1264 715 1297 illicita.

387 1321 454 1356 VI.
522 1320 665 1354 Utilitas
679 1332 797 1365 pa’noe
818 1320 957 1366 triplex.

378 1379 465 1413 VII.
513 1378 631 1412 Poena
667 1378 717 1411 ael
753 1378 941 1412 utilitatem
969 1377 1042 1423 ejus

513 1435 574 1480 qui
618 1434 785 1480 deliquit.-
831 1445 974 1479 eamque
1017 1446 1042 1468 a

513 1491 660 1538 quolibet
692 1492 783 1537 eoeiyi
812 1491 1041 1533 naturaliter,

513 1561 593 1583 cum
609 1549 827 1583 distinctione
843 1554 961 1582 tamen
971 1561 982 1582 .-

507 1607 597 1640 Item
619 1607 669 1639 ad
695 1606 883 1640 utilitatem
903 1606 974 1652 ejus
1002 1606 1042 1639 in

513 1665 613 1708 quein
628 1669 812 1708 peccatum
828 1669 875 1697 est
887 1675 899 1701 ,·
925 1663 986 1697 ubi
1001 1663 1042 1697 cle

511 1720 641 1754 ultione
658 1720 753 1754 licita
766 1721 850 1765 jure
860 1720 1039 1765 yentium:

386 1777 456 1811 IX.
509 1777 599 1810 Item
639 1777 688 1809 acl
731 1777 919 1810 utilitatem
955 1788 1041 1821 quo-

510 1833 684 1867 rumlibet.

396 1890 447 1924 X.
511 1890 609 1932 Quid
631 1889 684 1923 lem
700 1889 919 1933 Evangelica
943 1889 1040 1924 cirea

511 1948 602 1980 hanc
612 1946 800 1980 materiam
813 1946 1037 1980 constituerit.

515 2003 675 2038 Solvitur
685 2015 854 2048 aryumen
860 2009 934 2037 tum
944 2015 1039 2036 sum-

511 2048 633 2094 tum⁵a
650 2060 719 2094 Dei
736 2059 978 2094 misericordia
999 2060 1039 2094 in

513 2117 676 2162 Evanyel
680 2117 710 2150 io
722 2117 907 2163 patefacta
921 2129 932 2150 .·

510 2174 562 2208 Et
607 2186 631 2208 a
671 2173 881 2219 praecisione
919 2173 1039 2219 poeni—

510 2231 636 2265 tentice.

506 2289 734 2334 Rejiciuntur
753 2288 968 2333 imperfectae
985 2287 1039 2322 cli-

509 2345 654 2379 visiones
666 2356 871 2390 paenarum.

510 2402 720 2437 Christianis
762 2401 919 2446 privatis
965 2412 1038 2435 non

510 2470 576 2494 6336
597 2465 713 2492 tutum
725 2470 873 2503 paenam
894 2458 1037 2502 ea'iyere,

507 2516 614 2550 etiam
639 2516 700 2550 ubi
712 2516 796 2561 jure
817 2515 975 2560 yentium
998 2515 1038 2548 iol

508 2573 605 2606 licet:

507 2629 584 2663 Aut
615 2635 735 2674 sponte
760 2629 810 2662 acl
841 2627 1037 2662 accusatio-

507 2697 585 2720 nem
598 2686 766 2730 prosilire
779 2698 790 2718 :

364 2741 470 2775 XVI.
504 2742 581 2775 Aut
589 2743 730 2788 judicia
746 2741 918 2787 capitalia
934 2741 1036 2786 affee-

508 2804 593 2831 tare.

357 2851 482 2887 XVII.
509 2853 617 2898 Leyes
636 2854 804 2888 lzumanae
826 2866 905 2898 quoe
925 2854 1033 2888 inter-

389 692 459 727 III.

368 1607 475 1642 VIII.

385 2004 456 2039 XI.

378 2175 468 2209 XII.

362 2289 474 2325 XIII.

364 2403 471 2438 XIV.

376 2630 463 2665 XV.

1273 462 1466 507 sectionem
1487 463 1538 497 acl
1560 475 1708 509 poenam
1728 475 1812 510 per-

1282 520 1427 554 mittunt
1462 532 1511 554 an
1541 522 1604 567 jus
1635 521 1728 564 dent,
1761 532 1813 555 an

1284 577 1532 622 impunitatem
1572 578 1696 620 solam,
1739 579 1812 614 dis-

1282 634 1444 669 tinctione
1460 635 1670 680 explicatur.

1122 690 1266 727 XVIII.
1281 691 1392 726 Actus
1435 692 1590 727 internos
1629 704 1702 726 non
1745 703 1812 728 esse

1277 749 1452 794 punibiles
1468 749 1560 784 inter
1576 750 1729 784 homines
1740 762 1751 783 .-

1137 805 1248 840 XIX.
1280 806 1353 840 Nec
1392 812 1491 841 actus
1536 812 1692 842 eoeternos
1726 817 1812 852 quos

1271 863 1468 909 frayilitas
1501 864 1663 898 humana
1692 864 1812 909 nequit

1282 921 1417 955 vitare:

1148 977 1237 1014 XX.
1280 978 1353 1012 Nec
1385 984 1483 1013 actus
1513 979 1637 1024 quibus
1667 979 1811 1014 societas

1280 1036 1440 1069 humana
1452 1047 1512 1070 nec
1529 1036 1664 1077 directe,
1679 1047 1740 1070 nec
1755 1036 1811 1070 in-

1280 1092 1405 1127 directe
1435 1093 1603 1127 laeclitur:
1635 1094 1733 1140 cujus
1758 1093 1811 1128 rei

1281 1161 1390 1183 causa
1406 1151 1577 1184 redditur.

1138 1205 1246 1240 XXI.
1284 1206 1460 1252 Rejicitur
1475 1208 1644 1241 sententia
1655 1213 1810 1242 statuens

1281 1263 1453 1308 iynoscere
1468 1253 1656 1309 nunquam
1673 1265 1782 1299 licere.

1128 1319 1259 1353 XXII.
1284 1320 1489 1354 Ostenditur
1520 1321 1560 1355 id
1596 1321 1695 1356 licere
1729 1327 1810 1356 ante

1283 1377 1388 1421 leyem
1399 1378 1577 1422 poenalem
1588 1391 1599 1411 .-

1118 1432 1267 1467 XXIII.
1281 1434 1365 1467 Non
1381 1439 1498 1468 tamen
1513 1446 1646 1480 semper
1659 1447 1670 1468 .·

1121 1489 1266 1524 XXIV.
1284 1490 1409 1524 Etiam
1443 1497 1521 1536 post
1554 1492 1659 1537 leqem
1683 1503 1812 1537 poena-

1284 1547 1360 1582 lem.

1125 1604 1251 1640 XXV.
1284 1604 1373 1647 Quce
1387 1605 1437 1639 acl
1447 1605 1487 1639 id
1490 1605 1708 1650 faciendum
1721 1617 1811 1651 pro-

1282 1662 1407 1696 babiles
1428 1673 1543 1696 causae
1563 1662 1762 1697 intrinsecae
1774 1675 1786 1695 .-

1120 1718 1266 1754 XXVI.
1285 1718 1374 1761 Quae
1393 1719 1605 1753 extrinsecae.

1109 1775 1273 1810 XXVII.
1285 1776 1478 1822 Refellitur
1521 1775 1692 1811 sententia
1734 1781 1808 1810 sta-

1281 1838 1378 1866 tuens
1406 1833 1547 1866 nullam
1577 1844 1643 1867 esse
1669 1834 1810 1879 justam

1282 1900 1428 1922 causam
1463 1890 1700 1934 dispensandi,
1739 1889 1810 1923 nisi

1280 1957 1359 1989 quoe
1367 1956 1435 1990 per
1446 1947 1591 1979 modum
1602 1946 1808 1991 exceptionis

1280 2002 1397 2036 tacitae
1416 2002 1499 2036 insit
1517 2002 1593 2047 leyi.

1106 2058 1291 2093 XXVIII.
1309 2059 1431 2092 Poence
1448 2059 1583 2093 taoeatio
1600 2071 1641 2093 ea:
1656 2058 1792 2093 merito.

1116 2116 1264 2150 XXIX.
1280 2115 1443 2160 Spectari
1460 2115 1513 2150 hic
1538 2127 1664 2150 causas
1680 2115 1806 2160 impel-

1279 2172 1393 2211 lentes,
1427 2184 1506 2217 quae
1535 2173 1627 2207 inter
1651 2183 1685 2207 36
1713 2183 1806 2206 com-

1271 2234 1470 2274 parantur.

1124 2286 1254 2320 XXX.
1278 2286 1369 2320 Item
1399 2297 1525 2320 causas
1556 2297 1636 2331 quoe
1671 2296 1696 2320 a
1722 2296 1805 2331 pec-

1279 2343 1392 2377 cando
1438 2344 1639 2377 abstrahere
1685 2342 1807 2377 debue-

1275 2405 1382 2433 rant:
1403 2400 1464 2434 ubi
1475 2400 1515 2433 de
1527 2399 1700 2445 yraolibus
1706 2411 1805 2444 proe-

1277 2462 1457 2501 ceptorum
1511 2456 1678 2501 decal09i‚
1726 2467 1806 2501 quae

1270 2513 1482 2558 proximum
1499 2518 1663 2558 tanyunt,
1682 2517 1714 2546 et
1729 2512 1806 2546 alia

1277 2570 1455 2614 quaedam.

1112 2625 1261 2660 XXXI.
1276 2626 1303 2659 I
1301 2632 1366 2660 tem
1379 2625 1615 2670 aptitudinem
1625 2625 1803 2671 peccantis

1275 2683 1326 2716 ad
1355 2687 1555 2727 utrumque,
1595 2693 1674 2728 quoe
1706 2681 1803 2715 varie

1275 2744 1464 2784 spectatur.

1101 2796 1271 2831 XXXII.
1285 2795 1459 2829 Meritum
1502 2803 1619 2839 poenae
1665 2793 1803 2827 extendi

1269 2863 1368 2897 posse
1394 2852 1444 2885 aa
1469 2851 1586 2896 majus
1613 2859 1802 2883 nocumen-
