2018 3204
912 279 1101 321 CAPUT
1134 279 1233 320 XII.

820 382 889 416 DE
924 381 1324 418 CONTRACTIBUS.

406 484 436 518 I.
509 482 649 518 Divisio
681 487 827 517 actuum
861 484 1034 517 humano-

509 551 593 574 rum
621 540 689 585 'qui
721 540 803 574 aliis
839 541 1035 575 hominibus

509 597 610 631 utiles
629 602 733 631 sunt:
754 609 797 632 ac
812 598 976 643 primum
995 598 1035 632 in

508 654 680 699 simplices
701 665 743 689 ac
762 655 899 689 mixtos.

393 711 443 746 ΙΙ.
511 710 748 757 Simplicium,
795 712 835 746 in
878 712 1038 758 beneficos

507 779 630 810 meros,
650 775 713 804 aut
731 780 811 803 cum
831 775 959 803 mutua
978 770 1037 803 ob-

509 825 698 871 liyatione:

383 883 452 918 111.
506 882 559 917 Et
570 882 871 928 permutator-ios.-
888 888 964 918 tum
977 883 1039 929 qui

508 940 696 980 dirimunt,

394 997 461 1032 IV.
513 997 607 1030 Tum
655 996 717 1042 qui
758 996 1038 1032 communionem

509 1054 691 1100 adferunt,

403 1110 449 1144 V.
509 1110 645 1144 Mioetos
665 1121 731 1144 esse
745 1110 1008 1156 principaliter,

388 1167 456 1201 VI.
507 1166 585 1201 Aut
599 1178 668 1212 per
684 1168 919 1202 accessionem.

379 1223 466 1258 VII.
513 1223 584 1266 Qui
604 1230 749 1258 actuum
765 1230 966 1259 contractus
982 1224 1036 1258 oli-

510 1286 651 1315 cantur.

507 1337 773 1382 AEqualitatem
806 1337 846 1372 in
877 1344 1036 1372 contrac-

510 1394 600 1427 tibus
643 1394 802 1438 requiri.-
855 1394 1039 1436 Primum,

510 1450 606 1484 circa
626 1456 724 1484 actus
739 1451 998 1495 prcecedaneos.

384 1506 454 1541 IX.
509 1506 572 1540 Ad
589 1507 792 1540 scientiam:

395 1564 445 1597 X.
505 1562 568 1597 Ad
588 1564 781 1598 libertatem
801 1564 949 1598 volendi.

385 1620 454 1655 XI.
507 1619 678 1661 Secundo,
711 1621 751 1654 in
783 1621 858 1666 ipso
892 1627 985 1662 actu,
1009 1621 1040 1656 si

512 1677 558 1711 sit
575 1678 868 1722 permutatorius.

517 1733 644 1774 Tertio,
671 1734 709 1767 in
734 1745 781 1774 eo,
806 1735 847 1768 ole
872 1747 940 1779 quo
961 1735 1038 1780 agzi-

512 1795 594 1824 tur:
621 1791 714 1835 quod
732 1790 940 1835 eoeplicatur.

366 1846 475 1881 XIII.
512 1846 601 1888 Quoe
623 1848 811 1892 aequalitas
835 1848 949 1882 locum
975 1849 1036 1882 lia—

510 1904 586 1937 beat
616 1904 655 1937 in
688 1904 821 1938 actibus
852 1916 945 1939 mere
975 1911 1039 1939 aut

504 1960 646 2005 partim
667 1961 829 2007 beneficis.

520 2016 701 2059 Quomodo
718 2018 968 2052 (estimandum
989 2018 1041 2053 rei

506 2074 665 2118 pretium
694 2074 734 2108 in
765 2075 980 2109 venditione:
1009 2081 1040 2109 et

510 2141 551 2164 ex·
567 2131 690 2175 quibus
706 2131 821 2165 causis
837 2132 930 2178 juste
950 2143 1039 2166 cresm

511 2193 568 2221 cat
586 2193 649 2221 aut
665 2188 863 2222 minuatur.

377 2243 463 2277 XV.
512 2244 664 2286 Quando
703 2245 921 2279 naturaliter
954 2256 1038 2290 per-

367 1337 475 1372 VIII.

381 1733 470 1767 XII.

378 2016 483 2050 XIV.

1264 483 1368 527 fecta
1384 482 1427 517 sit
1444 481 1594 517 venditio
1608 492 1619 514 .·
1641 486 1671 515 et
1688 490 1803 526 quan-

1275 540 1320 573 do
1339 539 1536 573 dominium
1556 543 1725 573 transeat.

1133 596 1239 631 XVI.
1277 596 1488 642 Monopolia
1499 608 1578 642 quoe
1593 596 1663 630 sint
1679 600 1804 629 contra

1269 654 1331 700 jus
1358 660 1513 695 natum,
1543 658 1606 687 aut
1635 650 1804 697 diziyenda·

1279 711 1395 756 leyem.

1124 768 1250 803 XVII.
1277 767 1440 802 Pecunia
1461 767 1688 811 functionem
1718 776 1804 810 quo-

1277 825 1381 858 modo
1397 824 1557 868 recipiat.

1119 880 1263 916 XVIII.
1279 881 1337 916 De
1375 879 1614 915 conductionis
1653 878 1806 913 mercede

1278 938 1497 972 naturaliter
1519 936 1609 970 nihil
1629 935 1805 970 remitten-

1278 996 1365 1029 dum
1392 995 1432 1028 ob
1458 994 1678 1029 sterilitatem
1702 998 1733 1027 et
1756 991 1804 1026 si-

1277 1052 1375 1086 miles
1414 1062 1539 1086 casus:
1585 1055 1616 1084 et
1652 1049 1739 1095 quid
1775 1047 1806 1083 si

1277 1109 1484 1144 conductore
1501 1107 1621 1153 primo
1641 1106 1806 1152 impedito

1278 1167 1342 1207 uti,
1363 1177 1417 1199 res
1437 1165 1502 1198 alii
1523 1165 1638 1198 locata
1657 1163 1732 1197 sit?

1279 1223 1386 1257 Justa
1398 1233 1524 1256 merces
1535 1221 1704 1266 quomodo
1717 1231 1806 1255 cres-

1277 1286 1334 1314 cat
1351 1285 1413 1313 aut
1429 1279 1628 1313 minuatur.

1146 1337 1234 1371 XX.
1279 1337 1357 1379 Quo
1365 1337 1385 1383 y'
1390 1347 1449 1370 ure
1462 1336 1573 1370 vetitce
1585 1335 1655 1369 sint
1670 1345 1802 1368 usuroe.

1135 1394 1245 1429 XXI.
1282 1394 1370 1437 Quce
1396 1393 1579 1427 commoda
1598 1403 1719 1426 usurae
1743 1402 1806 1425 no-

1279 1451 1371 1485 mine
1388 1462 1459 1484 non
1476 1449 1629 1483 veniant.

1125 1508 1256 1543 XXII.
1278 1508 1415 1552 Leyum
1435 1507 1592 1541 civilium
1615 1517 1694 1551 quoe
1710 1505 1807 1540 circa

1279 1565 1370 1598 lianc
1387 1575 1462 1598 rem
1478 1564 1529 1597 vis
1545 1563 1600 1597 sit.

1116 1621 1265 1656 XXIII.
1283 1621 1409 1664 Qualis
1429 1620 1614 1654 cestimatio
1631 1619 1808 1666 facienda

1280 1679 1318 1711 in
1350 1682 1534 1712 contractu
1569 1676 1683 1711 aversi
1708 1676 1807 1721 peri-

1279 1735 1363 1775 culi,
1381 1735 1449 1769 sive
1465 1733 1746 1768 assecurationis.

1118 1791 1263 1826 XXIV.
1283 1791 1408 1834 Qualis
1423 1791 1631 1832 insocietate,
1638 1790 1698 1824 ubi
1713 1790 1806 1823 mul-

1279 1855 1323 1882 tce
1339 1849 1411 1894 ejus
1430 1848 1553 1892 species
1569 1847 1804 1893 explicantur.

1127 1905 1252 1939 XXV.
1277 1905 1335 1939 De
1354 1905 1510 1939 societate
1527 1904 1662 1938 navali.

1118 1961 1263 1997 XXVI.
1280 1962 1369 1996 Jure
1398 1961 1553 2006 yentium
1581 1960 1808 2006 inoequalz'ta-

1279 2024 1357 2058 tem,
1392 2018 1432 2052 in
1464 2030 1572 2062 quam
1606 2028 1809 2052 consensum

1280 2081 1339 2116 est,
1365 2075 1483 2120 quoad
1504 2081 1603 2109 actus
1625 2075 1808 2109 exteriores

1279 2143 1352 2166 non
1376 2132 1533 2166 attendi.-
1558 2138 1589 2166 et
1615 2143 1683 2177 quo
1707 2143 1808 2167 sensu

1283 2188 1324 2223 id
1344 2189 1512 2224 naturale
1535 2190 1688 2224 dicatur.

1134 1222 1244 1260 XIX.

342 2334 377 2376 I.
498 2335 705 2377 CTUUM
738 2336 1025 2385 humanorum,
1061 2335 1131 2391 qui
1161 2336 1215 2378 ad
1248 2310 1420 2379 alioi‘um
1457 2336 1668 2379 hominum
1697 2336 1806 2379 utili-

529 2406 657 2443 tatem
681 2401 868 2451 tendunt,
905 2401 973 2443 alii
998 2407 1093 2444 sunt
1115 2401 1332 2457 simplices,
1363 2401 1433 2443 alii
1463 2402 1687 2459 compositi.

441 2466 498 2509 ΙΙ.
545 2467 792 2524 aSimplices
824 2467 893 2508 alii
930 2466 1113 2516 benefici,
1155 2467 1225 2509 alii
1262 2468 1561 2524 permutator-ii.

401 2575 414 2591 ὃ
435 2570 599 2608 Simplices
612 2569 672 2599 alii
686 2570 822 2608 benefici,
843 2570 903 2599 alii
910 2579 1040 2608 permu-

341 2619 468 2658 tatorii]
502 2620 693 2650 Aristoteles
715 2620 770 2649 illa
791 2620 898 2649 omnia
911 2619 1040 2656 δόσεως,

1625 2467 1807 2510 Benefici

1108 2570 1175 2598 haee
1208 2568 1362 2607 πράσεως
1395 2571 1523 2600 nomine
1557 2570 1806 2609 comprehendit.

1110 2619 1229 2658 [Locus
1244 2622 1292 2649 est
1306 2620 1435 2650 Rlzetor.
1450 2620 1521 2651 Lib.
1534 2629 1559 2651 1.
1575 2622 1642 2652 c.5.
1657 2630 1689 2659 p.
1700 2622 1760 2650 523
1773 2629 1805 2651 Β.

767 2763 947 2798 CHAPTER
968 2763 1057 2798 XII.
1111 2764 1170 2810 Of
1185 2763 1380 2799 Contracts.

419 2839 450 2873 Ι.
503 2838 556 2873 Of
581 2840 721 2874 human
741 2846 818 2876 acts
839 2842 959 2877 which
979 2843 1069 2878 tend
1090 2847 1130 2879 to
1160 2843 1225 2878 the
1246 2844 1371 2889 utiIIty
1391 2842 1435 2878 of
1459 2842 1595 2883 others,
1619 2852 1721 2877 some
1742 2852 1807 2877 are

343 2895 486 2942 simple,
502 2906 604 2931 some
626 2907 689 2931 are
706 2899 928 2943 compound.
