2018 3204
177 672 208 696 Η
210 671 251 697 ist.
265 671 301 696 iii.
313 672 351 695 55.

395 145 478 186 124
651 151 719 186 DE
750 151 933 186 EORUM
965 149 1055 191 QUI
1087 147 1315 183 SUMMUM
1344 146 1607 182 IMPERIUM
1693 144 1856 189 [L113.11.

394 258 471 301 nisi
506 258 651 301 eadem
673 258 817 301 iisdem
852 263 894 299 et
923 255 1001 312 ipsi
1036 254 1255 297 dedissent.
1320 252 1403 295 Titi
1429 251 1661 308 exemplum
1695 257 1860 295 secutus

395 325 628 381 Imperator
660 325 837 381 optimus
864 324 1008 364 Nerva
1035 320 1077 362 in
1104 320 1251 362 Edicto
1280 319 1390 375 quod
1417 315 1557 375 kapud
1589 318 1766 360 Plinium
1789 333 1860 360 ex-

395 396 479 432 stat
506 391 563 432 sic
586 390 668 432 ait:
703 392 818 433 Nolo
843 389 1053 431 eoeistimet
1077 388 1307 442 quisquam
1336 401 1430 441 quoe
1454 386 1545 426 alio
1568 386 1774 440 Principe
1796 385 1863 426 vel

387 458 607 512 privatim
629 457 696 498 vel
707 456 881 511 publice
905 462 965 496 est
988 460 1243 501 consecutus,
1268 453 1363 494 ideo
1385 452 1538 493 saltem
1563 465 1594 491 a
1616 465 1680 492 me
1703 451 1860 492 rescin-

396 524 457 570 di,
487 530 541 563 act
566 523 712 576 potius
741 522 850 562 milii
883 521 1034 562 debeat
1064 520 1104 560 si
1137 519 1221 560 illa
1249 526 1354 559 rata
1387 526 1426 560 et
1454 525 1573 560 certa
1594 518 1755 572 fecero,
1785 531 1860 559 nec

393 588 638 641 92⁴atzilatio
677 588 812 629 ullius
848 586 1111 628 instauratis
1151 592 1239 638 eyet
1275 585 1490 638 precibus.
1561 583 1618 624 At
1662 597 1761 625 vero
1807 582 1860 624 de

395 652 561 695 Vitellio
586 667 676 695 cum
699 657 910 694 narrasset
930 650 1097 693 Tacitus
1120 664 1225 699 eum,
1249 649 1362 691 nulla
1382 655 1591 706 posterum
1620 663 1731 697 cura,
1755 647 1860 690 lace-

394 733 508 761 rasse
542 718 772 775 imperium,
798 718 923 775 vulgo
952 717 1006 759 ad
1040 715 1365 773 magnitudinem
1397 713 1685 757 beneficiorum
1719 728 1860 756 accur-

394 792 525 835 rente,
551 785 791 841 quibusdam
814 791 856 826 et
879 783 1051 840 pecunia
1075 781 1388 832 emercantibus‚
1412 781 1554 823 addit:
1587 781 1720 836 Apud
1742 782 1861 836 sapi-

394 860 507 894 entes
527 867 653 893 cassa
675 852 957 900 habebantur,
982 845 1094 905 ¹quce
1117 863 1248 904 neque
1270 849 1375 889 dari
1400 862 1530 903 neque
1553 848 1710 903 accipi,
1733 848 1861 890 salva

394 919 628 973 republica,
646 925 864 973 poterant.

495 985 523 1024 4
568 983 679 1024 Illud
702 983 767 1024 hic
790 982 1025 1024 addendum
1047 986 1122 1030 est,
1157 980 1191 1023 si
1215 995 1295 1036 quo
1319 995 1415 1022 casu
1436 985 1671 1023 contractus
1693 978 1862 1036 incipiat

395 1063 570 1106 vergere
593 1063 675 1090 non
696 1049 750 1091 ad
774 1049 968 1091 damnum
989 1047 1110 1089 modo
1133 1046 1312 1102 aliquod,
1342 1047 1414 1088 sed
1437 1047 1491 1089 ad
1514 1046 1734 1104 perniciem
1759 1046 1862 1102 pub-

393 1114 525 1165 licam,
547 1114 607 1158 ita
627 1121 674 1158 ut
703 1115 756 1157 ab
780 1114 894 1157 initio
918 1119 1152 1156 contractus
1183 1113 1225 1154 in
1246 1112 1484 1155 extensione
1511 1113 1565 1156 ad
1587 1113 1700 1155 illum
1724 1126 1863 1154 casum

393 1235 492 1264 sarib.
521 1244 547 1263 c.
578 1234 646 1271 10.)
674 1233 782 1263 Simile
809 1243 836 1262 c.
866 1232 1019 1267 Justitiae,
1047 1232 1095 1260 15.

394 1293 488 1313 causa
508 1292 594 1312 xxv.
622 1286 733 1321 quaest.
749 1283 770 1312 i.
792 1282 874 1311 Gail.
898 1282 964 1310 obs.
987 1281 1093 1309 11.lx.

395 1334 443 1363 15.
487 1333 570 1362 Vide
590 1335 622 1361 et
636 1332 787 1361 Radevici
806 1331 980 1359 historiam.
1004 1330 1095 1359 Gun-

395 1386 482 1412 terus
496 1383 651 1421 Liynrino
666 1382 738 1411 Lib.
753 1390 774 1409 v
788 1392 793 1409 2

395 1443 420 1467 N
423 1450 469 1468 cve
480 1442 597 1467 secuturi
608 1442 708 1466 factum
720 1441 873 1465 subvertero
884 1447 957 1470 reges

395 1485 452 1509 Aut
463 1491 585 1509 revocare
597 1485 705 1514 queant,
717 1483 799 1513 regali
808 1484 868 1506 tuta
878 1482 962 1512 sigillo

395 1527 566 1557 Argumenta
576 1525 655 1555 Duei,
667 1525 887 1553 monimentaque
899 1524 971 1547 certa
981 1521 1096 1552 reliquit.

740 1569 751 1601 (
759 1575 838 1595 verS.
853 1565 922 1601 569,
934 1567 961 1594 et
972 1564 1076 1602 seqq.)

1223 1228 1230 1250 ¹
1254 1228 1331 1266 Qua>
1344 1237 1439 1266 neque
1453 1228 1528 1257 clari
1535 1237 1630 1267 neque
1645 1228 1757 1266 accipi,
1771 1227 1864 1257 salva

1162 1279 1335 1316 republica,
1351 1277 1514 1316 poterant]
1538 1277 1663 1306 Laudat
1677 1280 1710 1306 et
1723 1277 1863 1315 applicat

1163 1328 1309 1358 Mariana
1337 1328 1377 1356 ad
1403 1328 1589 1356 immensam
1614 1326 1863 1355 munificentiam

1163 1379 1316 1408 Friderici
1338 1379 1439 1416 Regis
1462 1378 1668 1416 Neapolitani
1691 1386 1791 1406 xxm.
1814 1377 1863 1407 16.

1163 1428 1196 1457 A
1221 1428 1348 1457 Nerone
1370 1428 1488 1456 donata
1511 1428 1605 1456 etiam
1629 1427 1669 1456 ab
1691 1427 1864 1456 emtoribus

1163 1477 1293 1515 repetiit
1310 1477 1423 1513 Galba,
1438 1477 1548 1506 relicta
1562 1477 1693 1506 decima.
1735 1477 1865 1507 Tacitus

1164 1527 1385 1556 Historiarum
1402 1536 1424 1555 1.
1448 1525 1535 1564 (cap.
1549 1527 1606 1565 20)
1626 1530 1659 1555 et
1673 1526 1866 1556 Plutarchus

1164 1574 1214 1612 (in
1233 1574 1327 1604 Galb.
1350 1575 1441 1603 Tom.
1460 1583 1497 1604 11.
1518 1583 1593 1612 pag.
1604 1574 1682 1604 1060
1696 1574 1745 1613 A.)
1788 1575 1867 1603 Per-

398 1629 443 1659 Et
452 1629 534 1658 libro
549 1637 626 1658 vx11.
644 1627 735 1665 (vers,
750 1626 818 1662 579,
834 1623 927 1663 &c.):

396 1679 484 1703 Tanta
494 1680 585 1702 tamen
597 1678 661 1702 clari
673 1677 723 1700 fuit
734 1675 901 1705 indulgentia
913 1673 987 1704 regis,

397 1720 435 1744 Ut
444 1720 597 1749 quicimquc
608 1719 680 1743 bona
691 1717 839 1748 priscorum
851 1722 965 1740 munera
976 1722 1069 1745 regum

398 1762 538 1786 Hactenus
548 1761 598 1785 ista
608 1761 660 1784 fide
672 1759 830 1790 possederat,
842 1758 922 1788 idque
933 1757 1047 1787 probare

398 1803 534 1833 Legitimis
545 1804 649 1833 poterat
660 1802 701 1825 vel
713 1801 896 1825 demonstrare
907 1798 1019 1828 tabellis,

398 1845 528 1875 Principis
538 1851 646 1868 assensu
658 1843 736 1867 titulo
747 1842 851 1873 gau'sus
862 1841 957 1865 eodem

399 1885 481 1910 Nunc
492 1892 599 1915 quoque
611 1884 749 1914 possideat.

457 1925 471 1946 k
493 1926 589 1964 Apud
602 1924 759 1963 Plinium]
781 1933 816 1953 X.
833 1924 936 1962 Epist.
952 1924 1001 1954 66.

1164 1625 1253 1654 tinax
1268 1624 1363 1653 etiam
1379 1634 1397 1653 a
1411 1624 1534 1653 libertis
1549 1634 1587 1653 ea
1601 1625 1708 1662 exegit
1723 1634 1793 1663 quae
1807 1625 1866 1654 sub

1165 1675 1271 1713 specie
1291 1675 1490 1711 venditionis,
1515 1675 1692 1704 Commodo
1708 1675 1866 1713 Principe,

1164 1725 1399 1753 lucrifecerant.
1455 1724 1686 1763 [Capitolinus‚
1725 1735 1794 1764 cap.
1819 1724 1865 1764 8.]

1165 1775 1302 1804 Basilius
1317 1776 1451 1804 Macedo
1463 1776 1641 1814 Imperator
1655 1777 1783 1814 repetiit
1795 1785 1868 1814 quae

1167 1824 1305 1853 Micha‘e'l
1340 1825 1522 1862 Imperator
1559 1825 1713 1863 elargitus
1751 1825 1866 1854 fuerat.

1167 1874 1306 1902 Zonaras
1328 1875 1367 1903 de
1390 1884 1427 1903 eo
1452 1874 1539 1911 (Lib.
1555 1883 1629 1905 ΧΠ.
1645 1885 1714 1913 cap.
1728 1876 1757 1904 8.
1800 1875 1865 1905 Ed.

1166 1926 1279 1963 Req.):
1315 1924 1515 1962 Ἐψήφιστο
1530 1925 1624 1964 παρά
1639 1925 1776 1956 πάντων
1789 1927 1868 1956 ’τοὺς

400 2091 657 2139 predecessors
673 2091 748 2125 had
769 2091 937 2137 granted,
956 2091 1126 2137 [holding
1146 2091 1249 2126 them
1264 2091 1362 2125 valid
1379 2091 1536 2126 without
1559 2090 1652 2126 such
1678 2102 1825 2137 process
1841 2089 1867 2135 ς]

402 2149 511 2184 while
530 2148 700 2183 Tiberius
717 2148 791 2182 and
807 2147 915 2183 those
940 2159 1130 2194 emperors
1146 2149 1227 2183 who
1254 2149 1427 2183 followed
1450 2148 1540 2190 him,
1562 2148 1626 2182 did
1643 2153 1710 2182 not
1738 2160 1867 2194 recog-

402 2207 483 2240 nize
500 2206 564 2240 the
581 2210 708 2251 grants
726 2205 769 2240 of
787 2205 883 2240 their
903 2205 1160 2251 predecessors
1181 2217 1220 2241 as
1238 2206 1349 2246 valid,
1370 2206 1428 2240 till
1448 2205 1538 2252 they
1553 2204 1628 2239 had
1644 2205 1866 2240 themselves

402 2263 582 2308 repeated
598 2262 712 2297 them.
773 2262 853 2297 The
873 2262 1057 2297 excellent
1074 2273 1246 2309 emperor
1261 2263 1397 2303 Nerva,
1410 2262 1598 2307 following
1614 2261 1679 2296 the
1697 2262 1866 2308 example
1906 2277 1909 2278 ⁷

404 2320 447 2354 of
459 2321 576 2361 Titus,
594 2331 687 2365 says,
706 2319 745 2353 in
765 2330 813 2353 an
830 2319 930 2354 edict
946 2319 1066 2354 which
1082 2320 1112 2354 is
1133 2323 1261 2354 extant
1278 2320 1316 2353 in
1332 2319 1454 2365 Pliny,
1472 2319 1535 2353 Lei
1551 2330 1596 2352 no
1613 2330 1701 2352 man
1719 2331 1866 2364 suppose

403 2378 479 2412 that
496 2378 591 2411 what
611 2378 650 2411 lie
666 2377 729 2410 has
749 2377 914 2411 obtained
920 2377 1030 2421 from
1046 2377 1193 2411 another
1209 2376 1355 2418 Prince,
1384 2377 1490 2411 either
1504 2375 1685 2422 privately
1711 2387 1752 2409 or
1771 2377 1866 2421 pub-

405 2434 500 2479 lioly,
519 2434 613 2468 shall
630 2435 666 2467 be
688 2435 731 2479 by
748 2445 801 2468 me
821 2433 977 2474 rcvokccl,
994 2434 1069 2467 that
1084 2445 1132 2474 so,
1146 2434 1185 2481 if
1197 2434 1223 2467 I
1235 2435 1383 2480 confirm
1401 2435 1491 2468 those
1509 2439 1647 2478 qrants,
1663 2434 1702 2467 he
1721 2445 1805 2478 may
1830 2434 1867 2468 be

403 2492 455 2526 the
471 2503 566 2525 more
582 2491 716 2536 obliyed
732 2496 765 2524 to
782 2502 834 2525 me
846 2503 859 2529 ;
889 2503 934 2524 no
955 2490 1069 2524 man’s
1087 2491 1373 2536 conyratalation
1394 2492 1479 2525 need
1498 2491 1534 2525 bc
1551 2490 1802 2535 accompanied
1822 2492 1866 2536 by

401 2549 485 2582 such
500 2548 676 2593 petitions.
724 2547 800 2582 But
831 2558 879 2582 on
902 2547 967 2582 the
995 2547 1103 2582 other
1124 2547 1237 2589 hand,
1261 2548 1368 2582 when
1389 2548 1539 2582 Tacitus
1554 2547 1629 2581 had
1655 2547 1800 2582 related
1826 2547 1870 2582 of

401 2605 588 2646 Vitellius,
610 2604 693 2639 that
714 2603 762 2639 he
784 2603 859 2638 had
883 2609 969 2639 torn
987 2604 1051 2639 the
1078 2606 1220 2651 empire
1237 2605 1274 2639 in
1292 2605 1425 2651 pieces‚
1441 2604 1600 2639 reckless
1622 2604 1665 2638 of
1683 2603 1748 2638 the
1768 2605 1864 2638 inte-

401 2666 495 2696 rests
519 2662 562 2696 of
579 2662 772 2707 posterity‚
791 2661 856 2696 the
873 2673 1045 2696 common
1062 2662 1177 2696 world
1196 2662 1358 2707 fiocking
1379 2662 1494 2696 about
1513 2661 1591 2695 him
1614 2664 1653 2695 to
1675 2660 1783 2695 catch
1807 2659 1863 2695 his

402 2723 645 2764 extravagant
671 2719 770 2764 gifts,
797 2719 871 2753 and
897 2730 999 2754 some
1020 2730 1114 2754 even
1136 2719 1361 2766 purchasing
1382 2719 1438 2754 his
1454 2719 1587 2753 favour
1603 2717 1690 2752 with
1706 2728 1841 2762 money
1853 2729 1863 2758 ;

401 2773 450 2808 he
472 2775 584 2809 adds:
622 2776 715 2810 Wisc
744 2787 823 2810 men
850 2777 929 2811 held
953 2777 1043 2811 those
1070 2783 1197 2822 yrants
1223 2783 1256 2811 to
1288 2778 1323 2810 be
1351 2777 1441 2817 void,
1468 2776 1578 2810 u=hich
1598 2775 1702 2809 could
1730 2775 1766 2808 be
1791 2774 1862 2808 nei-

403 2831 478 2865 ther
502 2832 603 2875 yivcn
634 2844 701 2866 nor
725 2834 875 2867 received
894 2834 1040 2868 without
1061 2835 1211 2879 damaye
1238 2840 1272 2868 to
1299 2834 1351 2868 the
1379 2833 1488 2868 State.

480 2891 501 2919 4
533 2887 628 2922 That
646 2893 743 2923 must
760 2890 837 2924 also
854 2889 944 2925 here
964 2890 1011 2925 be
1044 2891 1188 2933 added3
1212 2891 1295 2926 that
1325 2890 1358 2924 if
1377 2890 1416 2924 in
1436 2900 1508 2935 any
1538 2898 1620 2923 case
1645 2899 1668 2922 a
1696 2889 1863 2922 contraet
