2018 3204
348 61 431 101 402
832 67 900 101 DE
932 65 1110 102 CAUSIS
1140 67 1327 102 DUBIIS.
1649 66 1744 110 [Lm.
1764 67 1814 104 ΙΙ.

127 186 276 240 fggsondii-
349 177 588 234 Apollonius
616 175 804 218 Rhodius
836 175 968 217 diXit:
999 170 1089 228 μηδ’
1120 173 1260 222 αὕτως
1290 172 1403 238 α’λκῇ
1433 178 1534 236 πρὶν
1564 172 1722 221 ἔπεσσί
1752 195 1812 234 ’γε

126 247 251 305 {wyle-
351 244 617 304 πειρηθῆναι.
674 244 730 283 Et
754 240 997 296 Euripides:

637 323 781 367 Λόγοισι
809 320 952 355 πείσων.
998 321 1027 355 εἶ
1052 320 1087 354 δὲ
1117 320 1175 365 μὴ,
1203 321 1264 366 βίᾳ
1293 320 1406 366 δορός.

634 378 769 413 Verbis
789 378 828 412 id
848 378 1080 424 impetrabo:
1113 378 1169 413 sin
1190 389 1346 424 nequeo,
1366 389 1492 413 manu.

349 448 467 489 Idem
493 444 762 501 reprehendit
788 445 1068 500 Supplicibus
1093 443 1292 494 civitates,
1318 458 1411 500 quae
1435 444 1541 486 hanc
1564 443 1672 487 viam
1696 443 1814 486 omit-

349 518 486 555 terent
512 514 640 567 (vers.
667 510 804 564 748):

547 593 598 626 Et
618 602 682 626 vos
703 601 861 637 quoque,
881 590 1003 631 urbes,
1023 601 1117 636 quae,
1137 590 1237 636 quod
1257 594 1313 625 est
1333 590 1454 626 verbis
1476 590 1606 625 datum

547 648 778 694 Transigere,
795 648 918 693 potius
938 647 1044 682 fertis
1065 648 1112 682 ad
1133 648 1271 683 caedem
1291 648 1481 682 arbitram,

347 715 531 758 Achilles
554 716 788 770 Iphiyenia
809 715 857 756 in
877 714 1038 755 Aulide
1063 715 1184 768 (vers.
1211 713 1343 763 1017,
1369 719 1412 755 et
1435 713 1594 770 seqq.):

667 793 707 827 Si
728 796 835 839 paret
854 803 970 838 aeque,
990 792 1044 826 nil
1063 803 1148 827 mea
1168 793 1270 827 vob1s
1292 803 1364 838 ope

666 850 770 895 Opus
791 853 867 891 est3
900 849 1027 884 salutis
1048 853 1104 884 cst
1124 850 1163 883 in
1183 849 1253 884 hoe
1270 860 1345 884 uno
1366 850 1465 884 satis.

666 907 747 952 Ego
768 906 877 942 simul
897 906 1006 940 amici
1027 907 1185 951 gratiam
1206 907 1446 941 servaverim:

665 964 864 1009 Minusque
885 964 974 998 vitio
995 967 1115 998 vertet
1132 974 1243 998 omne
1264 974 1398 1009 agmen
1419 962 1522 1004 mihi,

663 1021 825 1056 Ratione
845 1021 875 1055 si
896 1031 976 1055 rem
996 1021 1184 1066 gesserim,
1205 1032 1281 1055 non
1301 1020 1452 1055 viribus.

353 1086 474 1137 Quod
497 1086 540 1127 in
563 1087 805 1128 Phoenissis
827 1085 938 1141 apud
960 1085 1200 1141 Euripidem
1224 1085 1398 1143 legimus
1423 1086 1547 1140 (vers.
1571 1085 1702 1139 519):

921 1165 988 1198 πᾶν
1010 1164 1077 1210 γὰρ
1103 1164 1230 1210 ἐξαιρεῖ
1252 1166 1358 1210 λόγος

697 1220 715 1254 ὃ
742 1221 794 1255 καὶ
820 1220 961 1267 σίδηρος
984 1221 1157 1266 πολεμίων
1183 1220 1342 1267 δράσειεν
1366 1219 1417 1255 ὅν·

133 1294 333 1319 maxuma
353 1288 402 1330 Id
437 1293 602 1330 auctum
637 1287 693 1328 sie
728 1286 875 1328 extulit
909 1287 1020 1341 apud
1057 1287 1216 1328 Livium
1242 1288 1466 1329 Phaeneas:
1503 1281 1656 1328 imulta
1681 1288 1814 1328 homi-

353 1369 436 1403 nes,
468 1369 518 1396 oze
550 1354 708 1395 bellare
740 1367 899 1394 neeesse
922 1354 991 1400 sit,
1023 1354 1243 1395 voluntate
1269 1355 1493 1401 remittere,
1519 1368 1613 1408 quae
1643 1353 1746 1394 bello
1778 1360 1817 1394 et

134 1427 291 1452 Lib-vii-ss·
355 1422 493 1462 armis
529 1421 624 1474 cossi
659 1433 744 1460 non
767 1419 949 1473 possint.
1014 1418 1258 1460 Mardonius
1293 1418 1405 1475 apud
1437 1418 1697 1460 Herodotum
1727 1419 1818 1460 Po-

431 1535 546 1564 ffllnlta
568 1534 712 1570 homines,
740 1542 777 1563 ne
798 1533 914 1563 bellare
934 1542 1053 1563 necesse
1119 1534 1241 1573 primus
1269 1534 1336 1573 ejus
1363 1533 1499 1562 nominis
1526 1542 1596 1562 cum
1630 1533 1746 1562 Severo
1780 1533 1821 1561 de

350 1587 402 1622 sit,
415 1586 572 1615 voluntate
591 1586 756 1623 remittere,
772 1594 839 1622 quae
855 1585 932 1613 bello
954 1588 982 1613 et
996 1594 1051 1613 ar·
1120 1584 1302 1622 principatu
1319 1584 1464 1613 Romano
1486 1585 1629 1612 certante
1649 1582 1819 1611 interdicto

350 1636 408 1665 mis
426 1636 496 1674 coyi
509 1645 569 1664 non
586 1633 726 1673 possint]
763 1634 910 1663 Donatus
925 1633 969 1662 ad
981 1634 1053 1662 Eu-
1121 1643 1216 1672 agere
1238 1633 1348 1662 voluit.
1394 1632 1593 1672 [SPARTIAN.
1610 1633 1643 1660 in
1664 1632 1723 1662 Vit.
1739 1632 1820 1661 Pes-

351 1687 500 1716 mcclzum:
535 1686 755 1724 pervulgyatum
782 1687 826 1713 est
851 1684 940 1720 enim,
969 1683 1055 1722 quod
1121 1682 1222 1711 cemzii
1252 1682 1362 1720 Niqri,
1397 1691 1466 1719 cap.
1491 1681 1539 1720 2.]
1593 1681 1731 1719 Magnus
1763 1690 1821 1710 rex

351 1745 470 1764 summa
484 1735 516 1763 vi
538 1734 713 1772 defenderis
731 1743 824 1772 quum
843 1736 1052 1771 extorquetur,
1123 1733 1245 1762 Suediae
1260 1732 1378 1761 arbiter
1388 1735 1510 1761 sumtus
1524 1732 1608 1761 inter
1621 1732 1730 1761 Ericos
1742 1732 1821 1760 duos

353 1786 410 1814 hoc
431 1784 510 1813 idem
527 1783 723 1822 postmodum
745 1783 860 1811 remitti
878 1782 1054 1813 remittenti.
1121 1781 1234 1810 Daniae
1259 1784 1292 1810 et
1315 1781 1483 1819 Norvagiae
1507 1790 1609 1819 reges.
1653 1781 1692 1809 In
1713 1781 1821 1810 federe

355 1835 450 1871 (Act.
466 1834 494 1862 Ι.
510 1834 558 1862 Se.
575 1842 612 1862 11.
629 1841 709 1861 vers.
724 1832 807 1869 940}
1121 1831 1434 1860 Laeedaemoniorum
1463 1834 1495 1860 et
1516 1831 1711 1869 Argivorum
1735 1830 1822 1868 apud

410 1892 422 1904 ¹*
450 1881 722 1920 Compromissum]
742 1882 855 1919 Spreta
866 1881 1052 1919 plerumque
1122 1880 1358 1918 Thucydidem:
1381 1880 1470 1909 δίκας
1491 1880 1642 1909 διδόντας
1656 1878 1743 1908 κατά
1756 1878 1823 1908 πά-

352 1933 586 1971 potentioribus
601 1932 660 1960 via.
702 1931 785 1960 Vide
802 1930 1052 1967 Connestagium
1121 1941 1211 1968 τρια,
1228 1930 1282 1967 qui
1290 1933 1375 1958 stare
1384 1929 1516 1958 arbitris
1526 1929 1625 1958 volent
1633 1938 1716 1958 more
1724 1929 1821 1960 avito.

354 1984 393 2011 de
410 1982 641 2020 Conjunctione
661 1989 833 2019 regnorum
855 1980 1002 2009 Castellae
1021 1982 1054 2008 et
1121 1979 1165 2008 Et
1180 1987 1267 2007 mox:
1285 1979 1311 2006 εἰ
1328 1978 1361 2006 δέ
1375 1989 1427 2006 τις
1441 1979 1509 2006 τῶν
1525 1978 1707 2016 ξυμμάχων
1721 1978 1823 2008 πόλις

354 2031 569 2069 Portugalliae‚
591 2030 688 2068 digna
708 2033 826 2064 tamen,
847 2038 942 2067 quam
964 2028 1054 2056 insis-
1121 2027 1223 2056 πόλει
1247 2027 1360 2064 ἐρίζοι,
1390 2026 1422 2055 ἐς
1441 2026 1544 2055 πόλιν
1567 2026 1677 2055 ἐλθεῖν
1702 2027 1821 2057 ἅντινα

354 2084 425 2110 tant
451 2080 532 2117 aequi
561 2082 593 2109 et
619 2079 706 2117 pacis
733 2081 887 2108 amantes.
936 2078 1053 2106 Fecere
1121 2076 1198 2105 ἵσαν
1212 2076 1339 2114 ἀμφοῖν
1352 2079 1429 2104 ταῖς
1442 2075 1566 2104 πόλεσι
1581 2075 1701 2110 δοκοίη·
1716 2077 1744 2105 εἰ
1758 2087 1823 2115 qua

354 2130 462 2167 magni
476 2139 568 2168 reges
579 2139 615 2158 ac
630 2129 750 2167 populi,
764 2137 898 2166 quorum
914 2127 946 2156 in
962 2130 1054 2156 textu
1121 2126 1278 2155 sociarum
1300 2125 1461 2154 civitatum
1489 2134 1556 2154 cum.
1582 2125 1671 2154 socia
1698 2126 1824 2156 civitate

354 2181 514 2209 memoria.
573 2179 741 2208 Addamus
774 2178 862 2206 alios.
930 2177 1055 2206 Arbitri
1122 2175 1361 2205 controversiam
1381 2174 1506 2211 habeat,
1533 2185 1598 2204 rem
1617 2175 1760 2213 deferant
1780 2177 1826 2206 ad
1878 2174 1881 2175 ⁷

355 2230 450 2258 sumti
468 2230 552 2257 inter
571 2229 727 2266 Magnum
743 2227 914 2265 Norvagiae
937 2231 969 2256 et
992 2226 1054 2255 Ca·
1123 2225 1288 2261 civitatem,
1311 2233 1375 2262 qztae
1395 2224 1533 2261 utrisque
1551 2233 1640 2262 aqua
1659 2225 1822 2256 videbitur.

355 2282 468 2308 nutum
491 2278 603 2307 Daniae
622 2287 713 2316 reges
735 2278 774 2306 de
796 2286 896 2315 regno
918 2280 1055 2314 utroque
1122 2274 1182 2303 Est
1193 2277 1364 2311 utrumque
1378 2274 1462 2311 apud
1473 2273 1688 2312 Thucydidem
1698 2274 1779 2304 libro
1792 2284 1823 2305 v.

356 2330 535 2357 certantes:
566 2327 690 2365 Nempe
718 2326 876 2365 quomodo
905 2324 1055 2354 Julianus
1124 2324 1169 2363 (c.
1192 2324 1258 2361 79.)
1309 2324 1355 2352 M.
1385 2323 1587 2353 Antoninum
1614 2324 1708 2354 multi
1734 2329 1824 2355 extra

356 2472 441 2505 leave
461 2482 618 2505 recourse
638 2476 671 2504 to
689 2470 741 2504 the
758 2469 874 2510 latter,
900 2470 983 2514 only
1003 2470 1042 2516 if
1059 2470 1112 2503 the
1125 2470 1271 2513 former
1285 2470 1393 2516 ficiis.
1443 2469 1493 2504 So
1513 2469 1689 2510 Terence,
1705 2469 1820 2514 Apol-

356 2529 476 2562 lonius
506 2526 686 2567 Rhodius,
707 2526 904 2571 Euripides
935 2526 973 2559 in
999 2526 1142 2560 several
1172 2526 1310 2571 places3
1347 2526 1421 2560 and
1451 2526 1630 2560 Phaeneas
1660 2527 1699 2559 in
1726 2527 1820 2572 Livy

355 2595 443 2630 goes
466 2583 614 2618 further
624 2596 633 2624 3
663 2583 801 2628 saying,
818 2583 865 2616 In
886 2584 991 2617 order
1007 2589 1040 2617 to
1057 2583 1164 2616 avoid
1179 2594 1259 2616 zvar
1275 2595 1324 2617 we
1339 2595 1401 2617 are
1417 2589 1450 2616 to
1464 2583 1561 2628 yielcl
1576 2595 1686 2628 many
1703 2584 1820 2628 thinys

355 2641 467 2675 which
483 2646 612 2674 ccmnot
629 2641 665 2674 be
680 2640 810 2685 yaitzed
827 2641 870 2685 by
884 2652 970 2674 war.
1000 2639 1082 2673 And
1096 2639 1312 2673 Mardonius
1326 2640 1364 2673 in
1377 2640 1590 2674 Herodotus
1603 2640 1744 2674 blames
1755 2640 1820 2674 the

358 2697 499 2732 Greeks
519 2697 579 2731 for
599 2701 666 2731 not
687 2697 810 2742 trying
830 2697 1065 2742 negociation
1086 2696 1214 2731 before
1232 2708 1317 2738 war,
1338 2696 1450 2742 being
1470 2696 1514 2730 of
1529 2696 1593 2731 the
1615 2707 1717 2731 same
1741 2696 1820 2730 lan-

356 2765 486 2798 guage.

429 2813 450 2842 2
481 2809 698 2845 Coriolanus
722 2809 762 2843 in
787 2810 988 2858 Dionysius
1008 2821 1103 2856 says,
1127 2810 1178 2855 If
1195 2822 1219 2844 α
1238 2822 1327 2845 man
1351 2810 1431 2845 <isles
1459 2810 1542 2855 only
1560 2811 1631 2857 for
1656 2810 1709 2844 his
1728 2819 1817 2849 own,
