2018 3204
125 504 187 529 Jac.
200 503 216 528 i.
231 503 268 527 15.

127 962 203 985 Orat.
213 962 243 985 in

123 993 211 1021 δίψη.
226 998 244 1016 1.
259 999 284 1023 p.

121 1023 168 1046 616
177 1028 205 1046 B.

121 1282 181 1307 Lib.
195 1282 231 1307 iv.
243 1283 283 1307 30.

124 1422 211 1447 Ethic.
227 1423 288 1447 Nic.

121 1453 158 1476 iii.
173 1454 210 1477 15.

339 113 423 154 292
925 116 992 150 DE
1023 114 1205 149 POENIS.
1641 110 1736 154 [LIB.
1753 111 1803 146 ΙΙ.

440 228 601 269 XXIX.
674 228 697 267 1
747 226 796 266 In
827 222 974 265 merito
1011 221 1286 264 examinanda
1317 220 1488 263 veniunt
1523 224 1687 263 mcausa.
1713 233 1806 276 quae

341 294 514 350 impulit,
540 306 661 334 causa
685 305 777 345 quae
808 289 1023 330 retrahere
1054 287 1208 336 debuit,
1234 292 1276 329 et
1311 301 1497 342 personae
1521 285 1722 328 idoneitas
1752 285 1807 327 ad

341 366 574 414 utrumque.
636 356 719 398 Vix
754 354 970 410 quisquam
1003 353 1134 410 gratis
1166 352 1295 393 malus
1326 358 1399 401 est,
1423 357 1496 394 aut
1519 351 1553 393 si
1576 366 1697 407 quem
1721 365 1808 393 mae

342 426 431 467 litia
458 429 629 480 propter
659 421 834 476 seipsam
866 419 1056 468 delectat,
1087 419 1120 460 is
1143 418 1254 460 ultra
1277 418 1442 459 modum
1466 418 1689 459 humanum
1712 431 1807 473 pro-

343 490 472 532 cessit.
544 490 647 529 Pars
682 486 860 527 maxima
891 485 946 527 ad
981 484 1230 540 peccandum
1269 483 1475 525 ducuntur
1506 483 1744 533 affectibus3
1782 480 1805 535 ἡ

343 553 548 608 ἐπιθυμία
595 551 889 606 συλλαβοῦσα
937 551 1079 594 τίκτει
1115 548 1357 609 ἁμαρτίαν·
1405 550 1624 606 appetitas
1668 551 1805 592 conci-

334 624 463 677 piens
491 621 620 676 parit
649 626 886 674 peccatum.
956 615 1176 672 Appetitus
1209 615 1372 661 nomine
1397 615 1483 671 jam
1508 620 1550 657 et
1577 614 1807 657 declinandi

342 687 441 728 mali
463 686 660 742 impetum
685 682 1000 739 comprehendO,
1022 681 1092 737 qui
1115 681 1290 723 maxime
1312 687 1374 723 est
1398 680 1609 730 naturalis,
1631 680 1806 736 ideoque

342 753 452 795 inter
495 751 702 808 appetitus
745 748 1079 791 honestissimus:
1125 747 1234 789 unde
1277 761 1370 802 quae
1413 747 1569 795 mortis,
1615 746 1803 796 carceris,

344 818 508 868 doloris,
547 823 619 859 aut
665 831 834 858 summae
881 813 1077 871 egestatis
1122 812 1303 856 vitandae
1343 827 1464 854 causa
1500 811 1649 868 injuste
1687 812 1804 862 fiunt,

343 884 520 926 maxime
544 881 792 925 excusabilia
817 881 947 923 videri
971 880 1114 922 solent.

446 952 472 991 2
520 951 575 991 Et
610 950 689 990 huc
723 947 823 989 illud
860 945 1153 988 Demosthenis
1187 944 1392 1001 pertinet:
1424 960 1588 1000 (equum
1626 953 1698 994 cst,
1737 945 1808 987 his

344 1018 431 1071 qui,
458 1032 552 1058 cum
587 1016 741 1056 divites
775 1015 875 1061 sint,
913 1013 1020 1054 mali
1053 1020 1169 1061 sunt,
1206 1013 1347 1066 ‘mayz's
1381 1013 1530 1059 irasci,
1567 1026 1702 1066 quam
1739 1012 1808 1052 his

342 1098 449 1138 quos
474 1090 635 1137 eyestas
655 1080 867 1135 impellit:
899 1094 1002 1119 nam
1026 1079 1145 1133 apud
1167 1078 1437 1118 humanitate
1460 1085 1623 1119 utentes
1636 1078 1809 1131 judices

341 1151 571 1190 necessitas
596 1147 769 1199 aliquid
800 1146 946 1199 adfert
977 1145 1121 1192 venice,
1155 1158 1249 1184 cam
1283 1145 1322 1185 si
1352 1144 1428 1197 qui
1452 1144 1499 1184 in
1520 1157 1662 1184 rerum
1687 1145 1807 1197 afflu-

343 1216 461 1256 entia
496 1214 648 1267 injusti
680 1219 791 1259 sunt,
826 1211 941 1251 m‘ltz'l
963 1211 1151 1251 habeant
1181 1210 1384 1262 praetexti
1411 1209 1668 1263 probabilis.
1740 1207 1808 1250 Sic

342 1280 582 1321 Acarnanas
619 1281 787 1318 excusat
823 1275 1023 1331 Polybius
1064 1274 1186 1330 quod,
1225 1274 1497 1329 impendentis
1534 1273 1705 1329 periculi
1741 1288 1807 1315 re-

342 1346 520 1401 spectu2,
557 1342 710 1385 federis
745 1356 837 1382 cum
880 1340 1034 1383 Graecis
1066 1340 1109 1381 in
1146 1339 1310 1381 AEtolos
1348 1339 1438 1381 initi
1472 1339 1586 1395 leges
1616 1354 1698 1380 non
1733 1338 1802 1380 im-

342 1411 533 1468 plessent.
603 1406 874 1450 Aristoteles:
905 1403 1080 1463 ἑκουσίῳ
1125 1407 1299 1459 μᾶλλον
1345 1401 1482 1448 ἔοικεν
1522 1425 1546 1457 η
1589 1402 1807 1449 ἀκολασία

400 1545 423 1560 m
447 1539 553 1569 Causa
564 1547 628 1577 qum
640 1536 778 1576 impulit]
796 1536 1041 1575 Chrysostomus

340 1598 373 1619 X.
389 1590 426 1618 de
438 1589 577 1618 Statuis:
595 1588 631 1616 οὐ
647 1587 712 1625 ’γάρ
728 1587 764 1621 ὂή
779 1587 847 1615 πᾶν
861 1584 1041 1622 ἁμάρτημα

339 1639 402 1673 τήν
424 1640 526 1675 αὑτήν
543 1638 639 1676 φέρει
655 1637 796 1666 κόλασιν
812 1634 904 1665 ἀλλά
928 1634 972 1664 τά
992 1635 1042 1663 εὐ-

340 1689 539 1726 κατόρθωτα
565 1687 698 1725 μείζονα
723 1685 800 1722 ἡμῖν
829 1684 951 1722 ἐπάγει
979 1682 1042 1718 τήν

340 1739 513 1774 τιμωρίαν·
529 1746 589 1765 non
603 1736 682 1764 enim
697 1735 794 1763 omnis
808 1734 901 1771 culpa
915 1733 1042 1762 eandem

292 1809 300 1815 .
334 1796 459 1824 poenam
479 1789 619 1820 meretur,
641 1785 696 1812 secl
711 1784 888 1821 gyrat-iorem
904 1783 962 1811 illa
976 1792 1041 1820 qua>

336 1836 437 1873 facilc
453 1835 571 1872 corriqi
580 1834 697 1871 potnit.
731 1833 835 1870 (Tom.
851 1841 896 1861 vl.
912 1841 944 1869 p.
959 1832 1041 1868 531.)

340 1886 385 1914 Et
400 1885 430 1912 in
447 1884 583 1912 secunda
595 1882 736 1911 oratione
751 1890 807 1910 cur
819 1882 985 1909 obscurum
1001 1881 1042 1909 sit

341 1938 432 1963 vetus
446 1936 683 1968 testamentum,
701 1931 773 1959 hinc
792 1931 906 1968 probat
922 1930 1042 1958 calum-

342 1985 497 2012 niatorem
518 1983 658 2021 pejorem
675 1990 743 2010 esse
758 1983 943 2016 scortatore,
959 1980 1039 2016 fure,

341 2033 506 2062 homicida.
550 2032 661 2070 (Tom.
686 2039 732 2060 Π.
765 2039 838 2068 pag.
865 2030 933 2061 667.
974 2029 1042 2059 Ed.

342 2083 461 2118 Sat-il.)

399 2133 412 2150 2
432 2132 550 2161 Parum
571 2130 722 2159 adcurate
736 2129 796 2158 hoc
819 2128 943 2158 dicitur.
985 2130 1041 2158 In-

340 2183 425 2221 spice
441 2182 556 2217 ]ocum,
577 2181 609 2208 in
625 2189 680 2209 ora
693 2179 765 2209 libri
785 2189 803 2208 a
824 2188 874 2208 me
894 2179 1042 2209 distincte

340 2232 523 2261 indicatum.
565 2230 601 2260 J.
616 2230 660 2260 B.

1169 1539 1184 1554 ¹¹
1204 1533 1310 1563 Dolor
1324 1536 1424 1562 autem
1443 1533 1593 1563 hominem
1606 1533 1700 1571 quasi
1717 1535 1809 1562 extra

1109 1594 1141 1613 se
1154 1583 1256 1622 rapit]
1273 1584 1355 1613 Vide
1367 1584 1528 1622 egregiam
1539 1583 1808 1621 comparationem

1108 1634 1188 1662 furis
1203 1637 1235 1663 et
1250 1634 1385 1662 adulteri
1400 1633 1642 1662 Proverbiorum
1657 1633 1695 1662 vi.
1709 1633 1758 1662 30.
1781 1635 1810 1662 et

1109 1691 1196 1721 seqq.

1169 1739 1183 1753 ⁰
1204 1732 1279 1762 Ideo
1295 1732 1371 1770 plns
1392 1731 1483 1761 habet
1503 1731 1689 1770 voluntarii]
1716 1732 1808 1761 Philo

1110 1782 1154 1811 ad
1162 1782 1355 1820 Det-aloqum
1367 1793 1375 1810 :
1393 1783 1506 1810 πάντα
1517 1782 1575 1819 μὲν
1587 1782 1652 1820 γάρ
1666 1783 1727 1816 τῆς
1742 1783 1809 1820 ψυ-

1110 1834 1172 1870 χῆς
1182 1832 1271 1867 πάθη
1286 1831 1433 1870 χαλεπά,
1444 1831 1598 1860 κινοῦντα
1607 1831 1661 1860 καὶ
1673 1831 1809 1861 σείοντα

1110 1882 1213 1915 αὑτήν
1234 1881 1327 1916 ‘Ji-apa*
1350 1881 1463 1918 φύσιν,
1489 1881 1542 1910 καὶ
1569 1881 1728 1919 ὑγιαίνειν
1752 1884 1809 1911 οὐκ

1110 1929 1229 1959 ἐῶντα.
1251 1929 1503 1967 χαλεπώτατον
1523 1930 1548 1958 δ’
1570 1929 1737 1968 ἐπιθυμία·
1759 1932 1809 1960 διὸ

1110 1980 1177 2008 τῶν
1191 1980 1249 2017 μὲν
1261 1979 1376 2008 ἄλλων
1399 1979 1541 2008 ἕκαστον
1563 1979 1698 2016 θύραθεν
1719 1980 1809 2010 ἐπει.

1110 2029 1182 2057 σίον
1197 2030 1250 2057 καὶ
1264 2029 1486 2066 προσπίπτον
1506 2028 1635 2066 ἔξωθεν,
1656 2028 1810 2059 α’κούσιον

1110 2078 1194 2107 εἶναι
1208 2078 1306 2107 δοκεῖ·
1328 2077 1408 2114 μόιιη
1424 2077 1448 2106 δ’
1466 2078 1550 2112 αὐτ-η’
1571 2078 1727 2117 ἐπιθυμία
1747 2079 1810 2114 τήν

1109 2129 1216 2167 α’ρχνὶν
1244 2128 1281 2166 ἐξ
1309 2127 1397 2165 ἡμῶν
1432 2128 1596 2166 λαμβάνει
1633 2129 1685 2158 καὶ
1714 2129 1809 2159 ἔστιν

1109 2178 1264 2207 ἑκούσιος·
1283 2187 1384 2206 omnes
1398 2178 1519 2216 quidem
1533 2179 1631 2207 animi
1640 2180 1809 2216 perturba-

1110 2228 1207 2258 tiones
1219 2236 1340 2266 qraveS,
1362 2231 1394 2257 ut
1408 2237 1478 2266 quae
1491 2228 1627 2258 animum
1641 2233 1732 2259 extra
1749 2239 1807 2258 na-

412 2399 562 2433 XXIX.
616 2402 633 2432 1
666 2398 712 2432 In
730 2397 942 2442 examining
963 2397 1098 2438 desert,
1112 2396 1218 2431 these
1238 2396 1363 2442 points
1381 2405 1486 2430 come
1507 2394 1628 2429 under
1640 2395 1809 2430 conside-

341 2456 485 2497 ration3
505 2455 569 2490 the
591 2466 701 2489 cause
718 2454 838 2488 which
855 2454 1044 2500 impelled,
1057 2453 1122 2487 the
1136 2464 1245 2487 cause
1267 2452 1385 2487 which
1402 2452 1518 2497 ought
1535 2455 1573 2486 to
1590 2451 1684 2486 have
1701 2452 1808 2486 with-

340 2512 441 2553 held,
469 2512 543 2546 and
563 2511 627 2546 the
650 2511 777 2545 fitness
798 2511 841 2545 of
860 2511 925 2545 the
955 2521 1091 2556 person
1115 2514 1155 2544 to
1177 2509 1279 2544 each.
1328 2507 1442 2554 [First
1470 2509 1513 2543 of
1529 2508 1593 2543 the
1613 2508 1808 2554 impelling

341 2565 485 2612 cause]
514 2569 648 2603 Scarce
669 2579 742 2613 any
762 2578 834 2602 one
854 2568 884 2601 is
902 2567 1041 2601 wicked
1062 2566 1122 2601 for
1142 2566 1317 2611 nothing:
1346 2566 1380 2600 if
1398 2565 1502 2600 there
1523 2565 1570 2600 be
1587 2577 1660 2611 any
1673 2576 1806 2610 person

340 2625 462 2659 whom
472 2625 696 2659 wickedness
713 2624 873 2670 delights
893 2635 941 2659 on
961 2624 1008 2658 its
1026 2634 1108 2658 own
1125 2626 1295 2663 account,
1312 2622 1359 2657 he
1377 2622 1443 2657 has
1461 2633 1558 2667 gone
1574 2622 1722 2667 beyond
1740 2621 1805 2656 the

340 2682 454 2716 limits
476 2682 519 2716 of
536 2682 742 2726 humanity.
807 2681 886 2715 The
902 2684 1050 2726 greater
1063 2684 1147 2725 part
1162 2680 1205 2714 of
1220 2691 1372 2724 persons
1387 2690 1450 2713 are
1464 2679 1525 2713 led
1542 2682 1580 2713 to
1597 2680 1654 2712 sin
1675 2678 1724 2724 by
1740 2678 1805 2712 the

341 2739 550 2772 affections:
590 2739 701 2772 lVlzen
721 2738 829 2772 desire
850 2739 934 2771 laath
955 2737 1132 2771 conceived
1147 2737 1174 2770 it
1191 2737 1348 2781 ὂνῖῃρθτή
1358 2737 1466 2780 forth
1487 2736 1553 2776 sin,
1569 2736 1695 2770 James
1708 2735 1732 2768 i.
1748 2738 1801 2769 15.

340 2793 471 2828 Under
488 2795 552 2828 the
579 2806 689 2829 name
718 2794 761 2829 of
778 2794 909 2835 desire,
930 2795 949 2828 I
969 2793 1118 2828 include
1145 2793 1223 2827 also
1250 2792 1314 2827 the
1341 2792 1500 2837 impulse
1530 2796 1567 2826 to
1595 2791 1690 2825 shun
1721 2790 1804 2832 evil,

341 2848 461 2884 which
491 2850 521 2884 is
551 2855 648 2886 most
677 2851 837 2893 natural,
862 2850 937 2886 and
966 2850 1156 2886 therefore
1181 2849 1246 2885 the
1271 2853 1368 2884 most
1388 2849 1523 2884 decent
1543 2847 1586 2882 of
1605 2846 1669 2881 the
1689 2857 1804 2892 appe-
