2018 3204
210 166 300 201 Cn».
318 162 444 210 XIX]

209 287 284 315 nec
313 273 469 329 pudore
492 271 611 315 affici.

641 166 709 200 DE
740 167 868 201 JURE
901 166 1232 202 SEPULTURAE.

1587 163 1670 203 233

683 273 792 316 Satis
815 273 922 315 enim
944 279 1018 324 est,
1054 273 1097 316 id
1118 273 1228 329 quod
1256 273 1428 317 mortuis
1450 273 1607 324 accidit,
1643 289 1670 317 a

211 338 315 382 vivis
336 339 474 388 metui,
497 344 544 381 ut
567 339 644 380 hoc
667 344 787 395 pacto
811 353 836 380 a
860 346 1025 395 peccato
1049 340 1328 382 retrahantur.

313 407 338 446 2
386 404 551 460 Optime
575 403 681 446 enim
706 404 903 446 Platonici
926 411 1069 448 contra
1094 405 1262 455 Stoicos,
1288 410 1330 447 et
1348 405 1381 448 si
1404 405 1473 461 qui
1494 405 1563 447 alii
1586 421 1671 448 ser-

210 469 352 512 vitutis
382 476 424 512 et
455 469 586 512 morbi
614 469 769 526 fugam,
805 469 885 511 imo
916 476 959 513 et
981 485 1095 526 spem
1129 471 1271 528 gloriae
1300 485 1375 527 pro
1405 471 1518 527 justa
1549 486 1671 514 causa

209 535 353 577 mortis
377 534 619 577 voluntariae
640 535 924 587 admittebant,
950 536 1130 578 sentiunt
1149 537 1408 579 retinendum
1426 537 1605 579 animum
1628 538 1671 579 in

210 601 393 642 custodia
414 599 607 656 corporiS,
638 615 712 642 nec
740 600 894 656 injussu
917 601 1016 657 ejus5
1053 616 1078 644 a
1101 617 1180 658 quo
1203 602 1272 644 ille
1301 603 1417 645 nobis
1441 608 1503 645 est
1535 603 1668 652 datus,

210 680 262 707 ex
285 666 362 708 hac
385 665 469 708 vita
486 665 824 722 demigrandum3
851 681 971 722 quam
991 668 1034 708 in
1057 682 1145 710 rem
1166 668 1294 710 multa
1311 668 1452 710 videre
1476 674 1538 710 est
1560 669 1670 724 apud

210 731 429 780 Plotinum,
451 731 806 788 Olympiodorum,
831 738 874 774 et
893 733 1145 774 Macrobium
1163 733 1217 775 ad
1237 733 1436 775 somnium
1457 733 1668 789 Scipionis.

212 798 353 839 ¹Hanc
385 797 628 839 sententiam
659 804 821 839 secutus
852 799 1006 840 Brutus
1037 799 1132 839 olim
1163 799 1330 840 Catonis
1357 799 1522 846 factum,
1559 799 1669 853 quod

210 862 393 905 imitatus
427 868 570 919 postea
601 868 674 912 est,
710 864 1014 912 *damnaveram
1051 861 1102 910 ὠς
1138 861 1222 924 οὐχ
1253 861 1370 907 ὅσιον
1405 858 1485 907 οὐδ’
1522 859 1668 924 ἀνδρὸς
1688 877 1759 902 1‘1ut
1777 878 1829 903 Vft

1690 910 1766 932 Brut
1779 916 1804 939 p.

211 924 343 988 ἐρὙον
368 927 611 989 ὑποχωρεῖν
635 931 698 971 τῶ
721 924 896 979 δαίμονι,
923 931 991 972 καὶ
1015 929 1073 980 μὴ
1098 924 1304 989 ὃσχεσθαι
1330 948 1384 972 το
1408 930 1669 978 συμπῖπτον
1687 940 1779 963 ¹0⁰2ss-

212 990 353 1044 ἀδεῶς,
394 992 495 1038 ἀλλ’
545 990 882 1054 ὑποδιδράσκειν·
933 996 1088 1050 quippe
1122 1010 1196 1037 nec
1228 1010 1357 1050 pzum
1392 1010 1559 1038 censens
1596 1011 1670 1038 nec

214 1062 340 1103 virile
364 1063 504 1103 cedere
522 1062 729 1115 fortunae,
766 1069 805 1102 ct
839 1062 1110 1102 imminentia
1140 1062 1337 1110 adversa,
1371 1076 1464 1115 quae
1482 1064 1672 1116 serenda

202 1128 283 1182 for
287 1128 386 1168 tiber
422 1142 467 1168 er
470 1135 560 1175 ant,
598 1127 864 1181 subtfflsuyer
867 1141 898 1168 e.

985 1127 1041 1167 Et
1083 1127 1375 1183 Megasthenes
1411 1128 1582 1170 notabat
1621 1128 1674 1169 ab

216 1193 414 1234 Indorum
438 1191 689 1247 sapientibus
720 1191 1015 1246 reprehensum
1049 1192 1192 1234 Calani
1214 1192 1380 1243 factum,
1411 1207 1543 1248 neque
1567 1193 1675 1235 enim

216 1272 357 1300 eorum
379 1257 538 1314 placitis
562 1257 728 1314 probari
760 1257 912 1300 ytalem
934 1257 1088 1300 exitum
1111 1258 1321 1300 hominum
1345 1259 1441 1301 vitae
1461 1259 1676 1316 impatien-

276 1381 289 1396 ¹¹
306 1376 435 1406 Passim
448 1376 613 1415 receptum]
636 1376 772 1406 Athenis
787 1377 914 1406 AEschi-

216 1425 265 1455 nis
299 1429 442 1464 tempore
470 1426 536 1464 ejus
565 1426 619 1463 qni
646 1435 678 1454 se
705 1426 915 1455 interfecisset

216 1485 328 1505 manus
352 1476 480 1504 seorsim
500 1485 519 1504 a
539 1485 671 1513 corpore
690 1476 913 1513 sepeliebatur.

217 1525 385 1554 AEschines
400 1526 432 1553 in
446 1525 680 1563 Ctesiphontem,
694 1525 782 1563 (pag.
796 1525 853 1554 309
870 1524 914 1561 E.)

217 1575 310 1604 Adde
323 1574 540 1612 Hegesippum
557 1574 626 1603 Lib.
642 1582 692 1603 111.
708 1583 774 1611 cap.
794 1575 841 1603 17.

278 1623 287 1641 ¹
311 1624 429 1653 Confer
451 1624 730 1652 Purssxnonrlmi
761 1626 914 1658 nostrum,

216 1673 269 1702 De
282 1673 362 1702 Jure
380 1673 499 1701 IVahet
512 1672 600 1701 Gens.
617 1672 687 1701 Lib.
702 1681 739 1701 ιι.
756 1681 782 1701 c.
798 1672 913 1709 4.§19.

217 1724 251 1752 J.
269 1724 310 1753 B.

276 1778 290 1792 ¹
310 1772 546 1811 Damnarerat]
584 1773 626 1801 Et
649 1773 912 1810 Philosophorum

218 1833 280 1852 non
296 1823 386 1861 pauci
403 1826 492 1851 extra
508 1823 638 1851 Stoicos.
681 1821 800 1850 Seneca
821 1822 912 1859 epist.

217 1882 300 1903 Lxx.
341 1872 480 1901 Invenies
501 1872 592 1900 eliam
608 1872 768 1909 professos
789 1871 912 1908 sapien-

217 1923 302 1958 tiam,
327 1923 380 1960 qm·
397 1922 457 1950 vim
478 1921 667 1960 afferendam
687 1921 754 1949 viloe
776 1930 840 1949 suoe
861 1930 913 1949 ne-

216 1975 295 2011 qent,
315 1974 343 2000 et
364 1971 453 2008 nefas
464 1971 605 2007 judicent
625 1971 724 2008 ipsum
739 1971 912 1999 interemto-

216 2031 279 2051 rem
292 2021 433 2058 suificri.
477 2020 713 2058 Expectandum
723 2029 784 2048 esse
799 2019 912 2047 emitum

216 2080 302 2110 quem
315 2074 431 2099 natura
450 2070 591 2099 decrevit.
636 2069 809 2106 Procopius
834 2068 910 2097 Got-

216 2121 366 2149 micorum
381 2129 426 2149 lv,
447 2120 555 2157 βίαιος
569 2117 794 2155 καταστροφή
807 2117 912 2155 ἄχρη-

216 2182 296 2200 στος
310 2170 363 2199 καὶ
377 2169 470 2199 ἄνοια
486 2168 669 2207 προπετής,
686 2169 726 2197 τὸ
743 2169 774 2197 δὲ
793 2169 837 2196 εἷς
856 2167 911 2196 &az

981 1389 1082 1406 νατον
1098 1376 1226 1415 θράσος,
1247 1377 1390 1412 ἀνόητον
1402 1377 1462 1406 τοῦ
1478 1388 1518 1406 τε
1533 1377 1678 1413 δραστη-

980 1426 1050 1463 ρίου
1071 1426 1255 1465 πρόσχημα
1278 1428 1335 1455 οὐκ
1357 1426 1519 1464 εὐπρεπὲς
1539 1429 1611 1455 τοῖς
1637 1435 1678 1463 ’γε

981 1475 1154 1512 σώφροσιν
1168 1477 1249 1504 εἶναι
1266 1476 1368 1504 δοκεῖ.
1388 1475 1508 1504 καίτοι
1526 1475 1578 1503 καὶ
1600 1476 1678 1503 τοῦ·

980 1536 1021 1552 το
1036 1524 1267 1561 ἐκλογίζεσθαι
1288 1524 1363 1563 χρή,
1378 1524 1421 1561 μή
1440 1535 1475 1552 τι
1493 1523 1613 1561 δόξητε
1633 1525 1678 1552 εἰς

980 1572 1022 1601 τὸ
1051 1572 1138 1601 Θεῑον
1165 1573 1380 1610 ἀγνωμονεῖν,
1408 1573 1467 1603 &e
1524 1572 1679 1614 Violentus

980 1623 1048 1651 vitoe
1064 1623 1163 1651 alt-ilus
1178 1633 1228 1651 res
1242 1623 1362 1652 inutilis
1376 1627 1403 1652 et
1412 1623 1509 1661 plena
1528 1623 1677 1661 insipien-

980 1673 1021 1701 tis
1036 1672 1172 1710 impetus,
1187 1676 1215 1702 et
1229 1673 1287 1701 illa
1302 1673 1334 1701 in
1349 1677 1474 1702 mortem
1486 1674 1598 1711 serens
1619 1683 1678 1701 au-

981 1724 1086 1760 dacia,
1101 1724 1229 1752 consilio
1246 1733 1313 1752 cnm
1334 1728 1453 1759 careat,
1475 1725 1678 1761 prudentibus

971 1772 1138 1809 judicatur
1160 1773 1309 1801 immerito
1324 1773 1601 1811 sibifortz'tuclim's
1622 1783 1677 1801 no-

979 1832 1044 1850 men
1060 1831 1221 1859 usurpare.
1268 1822 1344 1850 Tum
1365 1832 1436 1851 vero
1457 1826 1485 1851 et
1502 1822 1583 1851 illud
1595 1824 1678 1861 60ρί-

980 1871 1116 1907 tandum,
1128 1881 1164 1900 ne
1179 1871 1211 1899 in
1225 1871 1327 1900 Deum
1341 1872 1411 1900 sitis
1424 1872 1553 1910 inqratz'.
1573 1872 1674 1910 (Hist.

979 1921 1074 1950 IlIisc.
1090 1930 1159 1959 cap.
1175 1921 1236 1958 12.)

1038 1976 1050 1998 y
1071 1971 1176 1999 Talem
1190 1970 1304 2000 eoez'tum
1319 1972 1473 2001 hominum
1487 1972 1557 2001 vitae
1572 1972 1675 2010 impa-

979 2019 1130 2058 nentium]
1167 2021 1256 2049 Idem
1286 2021 1444 2050 Arabibus
1472 2022 1582 2060 visum,
1614 2031 1676 2051 non

978 2070 1080 2097 minus
1102 2079 1194 2107 quam
1222 2070 1310 2099 Indis
1335 2074 1366 2099 et
1388 2071 1502 2107 Persis,
1523 2080 1561 2100 ex
1588 2071 1674 2101 Jobo

979 2119 1080 2148 diseas
1097 2128 1149 2147 111.
1167 2121 1214 2148 21.

216 2333 314 2368 what
333 2333 364 2368 is
388 2333 484 2367 done
505 2337 544 2367 to
565 2332 629 2367 the
651 2332 744 2367 dead
763 2333 885 2367 deters
907 2333 970 2368 the
988 2333 1114 2379 living.

288 2394 309 2423 2
340 2389 420 2423 The
446 2390 648 2423 Platonists
669 2390 809 2434 argued
834 2390 925 2431 well,
946 2391 1089 2436 against
1116 2390 1179 2425 the
1207 2390 1326 2426 Stoics
1347 2391 1420 2425 and
1447 2391 1571 2427 others
1593 2393 1675 2428 who

215 2445 376 2491 thought
396 2445 478 2480 that
494 2446 558 2481 the
583 2446 678 2481 need
696 2446 738 2480 of
755 2457 776 2480 a
796 2447 925 2492 refuge
951 2448 1047 2481 from
1075 2448 1218 2494 slavery
1242 2448 1315 2482 and
1336 2448 1490 2490 discase,
1517 2451 1589 2484 and
1611 2451 1676 2485 the

216 2503 313 2548 hope
342 2502 385 2537 of
405 2503 520 2548 glory,
541 2514 635 2537 were
658 2505 736 2548 just
757 2515 882 2538 causes
908 2505 950 2539 of
971 2516 992 2538 a
1014 2505 1206 2550 voluntary
1225 2505 1347 2539 death.

1399 2506 1502 2552 They
1520 2507 1675 2552 replied,

216 2560 299 2594 that
319 2559 383 2593 the
403 2560 483 2593 soul
509 2567 606 2593 must
627 2561 769 2594 romain
799 2566 837 2594 at
862 2562 908 2595 its
929 2566 1013 2606 post
1031 2562 1067 2594 in
1088 2561 1152 2596 the
1173 2562 1282 2607 body,
1305 2562 1378 2596 and
1399 2563 1481 2597 that
1501 2575 1554 2598 we
1576 2571 1675 2599 must

216 2621 284 2651 not
300 2617 379 2661 quit
401 2615 472 2650 this
490 2617 554 2651 life
570 2616 725 2651 without
746 2617 813 2651 His
839 2618 942 2652 leave
963 2618 1042 2652 who
1061 2619 1191 2663 placed
1212 2630 1254 2653 us
1276 2620 1313 2652 in
1335 2620 1381 2653 it:
1410 2631 1449 2653 as
1467 2631 1519 2654 we
1537 2621 1614 2654 find
1635 2622 1674 2655 in

216 2673 397 2713 Plotinus,
425 2673 721 2719 Olympiodorus,
746 2675 967 2708 Macrobius.

1027 2675 1085 2709 On
1107 2675 1179 2709 this
1209 2676 1364 2720 ground,
1391 2677 1538 2717 Brutus,
1562 2681 1601 2712 at
1625 2689 1674 2712 an

216 2730 350 2765 earlier
374 2730 514 2775 period,
539 2731 770 2765 condemned
792 2730 856 2765 the
881 2735 940 2765 act
963 2731 1006 2765 of
1030 2732 1133 2772 Cato,
1151 2731 1268 2766 which
1290 2732 1337 2766 he
1355 2733 1569 2768 afterwards
1590 2735 1672 2768 imi-

215 2787 331 2821 tated.
395 2787 464 2821 See
487 2787 675 2822 Plutarch.

740 2787 822 2821 And
844 2788 1103 2833 Megasthenes
1124 2789 1237 2823 noted
1260 2788 1339 2823 that
1360 2789 1423 2824 the
1444 2794 1503 2824 act
1525 2791 1567 2825 of
1591 2792 1673 2825 Gal-

215 2855 318 2883 anus,
342 2840 437 2887 [who
455 2843 567 2877 burnt
585 2844 733 2878 himself
756 2845 793 2877 in
814 2844 877 2879 the
895 2856 1069 2890 presence
1088 2845 1130 2879 of
1144 2845 1352 2880 Alexander
1372 2847 1444 2880 and
1466 2847 1521 2882 his
1539 2845 1670 2893 arm5,]

214 2912 286 2935 was
311 2900 457 2935 blamed
482 2901 530 2945 by
554 2901 618 2935 the
642 2902 725 2935 wisc
747 2912 831 2935 men
861 2901 903 2936 of
922 2901 983 2935 the
1003 2902 1174 2943 Indians3
1200 2902 1258 2936 for
1279 2903 1360 2937 that
1386 2903 1484 2938 their
1505 2905 1673 2939 doctrine

1691 1138 1778 1197 Stgab.
1791 1144 1836 1161 xv.
1850 1144 1875 1168 p.
