2018 3204
215 183 305 218 ΟΛΡ.
325 181 428 226 XV.]
490 184 558 217 DE
588 183 876 218 FEDERIBUS
906 182 970 218 AO
1002 181 1389 220 SPONSIONIBUS.
1592 181 1671 221 135

211 294 336 336 rebus
369 293 510 350 captis,
547 299 589 336 et
622 295 676 336 ad
711 293 971 336 securitatem
1008 292 1213 335 conveniri
1245 293 1388 343 solent,
1425 307 1507 350 qua
1541 294 1593 336 de
1626 310 1674 337 re

212 359 417 416 agendum
442 359 521 402 erit
543 359 650 401 infra
672 360 714 401 in
738 360 833 401 belli
857 359 1067 402 effectibus
1088 365 1130 402 et
1153 359 1440 401 consectaneis.
1476 360 1674 416 AEqualia

212 424 430 475 societatis,
455 430 528 466 aut
559 425 613 467 ad
642 425 885 468 commercia
913 425 1134 481 pertinent,
1158 431 1230 467 aut
1251 425 1305 467 ad
1333 425 1428 468 belli
1452 426 1673 468 eommuni-

211 495 353 539 tatem,
380 495 453 531 aut
488 490 542 531 ad
580 504 648 532 res
681 491 794 533 alias.
857 491 1058 547 AEquales
1092 491 1144 533 de
1178 491 1426 533 commerciis
1464 491 1672 548 pactiones

210 555 338 597 variae
360 568 449 596 esse
477 561 658 610 possunt,
688 562 788 612 puta
817 556 1008 611 utrinque
1034 571 1085 598 ne
1118 556 1293 613 vectigal
1326 557 1452 598 ullum
1476 557 1670 607 solvatur,

210 620 320 675 quod
350 619 395 661 in
425 627 566 662 vetere
590 627 680 663 erat
703 621 844 663 federe
875 623 1154 663 Romanorum
1184 628 1226 664 et
1255 622 1669 679 Carthaginiensium,

210 690 383 741 excepto
421 700 469 727 eo
501 686 611 741 quod
648 686 792 728 scribae
828 693 870 728 et
904 687 1081 742 praeconi
1119 687 1311 737 dabatur,
1348 693 1421 730 aut
1452 702 1504 729 ne
1538 688 1670 744 majus

209 750 394 793 solvatur
418 765 540 806 quam
564 751 607 792 in
629 767 823 807 praesens,
846 758 919 794 aut
942 753 996 794 ad
1020 757 1174 793 certam
1198 753 1482 807 quantitatem.

303 818 331 857 3
380 817 448 859 Sic
481 822 524 858 et
552 816 594 858 in
629 817 771 859 bellica
801 817 996 859 societate
1027 823 1074 858 ut
1105 817 1258 858 auxilia
1281 823 1531 872 praestentur
1552 818 1670 873 paria

208 881 404 936 equitum,
429 882 625 937 peditum,
652 882 829 931 navium,
854 882 940 923 sive
974 882 1028 923 ad
1059 896 1177 923 omne
1209 881 1372 931 bellum,
1398 883 1508 937 quod
1533 884 1670 925 Graeei

208 941 471 1008 ἰξυμμαχίαν
503 953 664 996 vocant,
698 954 740 989 et
768 947 950 1003 explicat
985 947 1250 1003 Thucydides
1273 945 1375 994 τούς
1405 945 1559 995 αὐτοὺς
1595 946 1668 1010 ἐχ·
1688 968 1747 993 Lib.
1761 969 1797 993 iii.
1810 969 1850 998 75·

207 1010 332 1071 θροὺς
360 1013 429 1056 καὶ
458 1017 612 1073 φίλους
648 1010 844 1073 νομίζειν,
869 1014 1029 1054 eosdem
1058 1014 1193 1055 hostes
1223 1021 1263 1055 et
1294 1015 1455 1056 amicos
1484 1016 1668 1057 habere.-

206 1079 317 1132 quod
348 1085 391 1120 et
424 1078 532 1134 apud
567 1078 729 1119 Livium
767 1092 877 1134 saepe
911 1077 1107 1132 reperias,
1149 1078 1234 1120 sive
1270 1079 1324 1120 ad
1361 1079 1535 1121 tuendos
1568 1080 1670 1122 fines

206 1143 422 1193 duntaxat,
458 1144 568 1199 quod
604 1141 852 1204 ἐπιμαχίαν,
895 1142 982 1184 sive
1019 1143 1072 1185 ad
1114 1149 1271 1186 eertum
1309 1144 1474 1195 bellum,
1514 1151 1587 1188 aut
1627 1146 1669 1188 in

205 1214 339 1250 certos
359 1209 508 1261 hostes,
533 1214 606 1251 aut
636 1209 679 1250 in
713 1223 852 1251 omnes
887 1208 1064 1264 quidem,
1095 1209 1168 1251 sed
1200 1209 1381 1265 exceptis
1404 1210 1532 1260 sociis,
1558 1216 1604 1253 ut
1626 1211 1669 1253 in

205 1272 347 1315 federe
380 1274 488 1316 inter
512 1275 659 1316 Poenos
694 1280 736 1316 et
770 1275 1030 1323 Macedonas,
1054 1275 1163 1330 quod
1199 1275 1310 1331 apud
1333 1275 1553 1332 Polybium
1577 1282 1665 1327 est3
1686 1289 1838 1315 Lib.vii·2.

203 1339 405 1394 quomodo
441 1345 484 1381 et
514 1339 668 1382 Rhodii
702 1340 909 1397 Antigono
942 1345 984 1381 et
1013 1340 1226 1382 Demetrio
1258 1355 1333 1396 per
1366 1341 1484 1383 fedus
1515 1342 1666 1384 auxilia
1685 1358 1816 1420 gffibgnp

202 1404 479 1460 promiserunt
501 1405 543 1446 in
567 1406 705 1447 hostes
735 1405 912 1461 quosvis,
937 1411 1108 1460 excepto
1138 1406 1375 1448 Ptolemaeo.
1439 1407 1594 1457 Potest,
1619 1413 1666 1450 ut
1683 1419 1768 1444 89912-

201 1468 389 1520 diximus,
425 1471 582 1526 aequale
617 1471 735 1513 fedus
770 1476 811 1513 et
845 1471 898 1513 ad
929 1485 996 1512 res
1031 1470 1133 1512 alias
1167 1471 1387 1527 pertinere,
1423 1467 1500 1514 kut
1534 1487 1587 1514 ne
1623 1472 1665 1514 in

201 1583 287 1621 quod
302 1583 363 1613 huc
377 1584 490 1620 tendit,
513 1594 702 1622 quamquam
719 1585 779 1613 alio
795 1585 900 1622 modo,
967 1585 1091 1613 Auctor
1105 1586 1213 1613 noster
1228 1585 1368 1622 exponit,
1382 1586 1467 1623 apud
1484 1585 1625 1625 Thucyd.
1643 1595 1666 1616 1.

200 1641 275 1670 pag.
298 1634 336 1664 79
365 1642 394 1663 C.
447 1634 510 1662 Ed.
533 1634 637 1663 Basz'l.
667 1635 754 1664 1572.
805 1636 902 1662 Error
967 1634 1016 1661 44.
1044 1633 1137 1662 Adde
1150 1633 1247 1662 dehis
1262 1634 1406 1663 omnibus
1418 1635 1519 1664 Andr.
1532 1635 1668 1664 Dounaei

200 1686 306 1710 autem
338 1683 399 1711 hue
421 1683 593 1711 translatus
622 1692 638 1711 e
660 1683 754 1712 M'ari
774 1683 900 1719 Libero,
969 1681 1171 1710 Praelection.
1195 1681 1226 1709 in
1246 1682 1455 1713 Demosthen.
1479 1684 1570 1713 Orat.
1591 1684 1667 1713 Phi-

200 1739 269 1767 cap.
296 1732 343 1760 13.
367 1732 434 1760 init.
457 1732 510 1760 ubi
533 1732 651 1760 dudum
680 1732 768 1760 locus
794 1732 839 1761 ita
860 1733 899 1760 ab
966 1731 1043 1769 lipp.
1059 1731 1111 1760 De
1127 1732 1222 1767 Pace,
1238 1741 1312 1770 pag.
1323 1734 1392 1767 135,
1407 1737 1434 1762 et
1448 1743 1532 1772 seqq.
1562 1735 1666 1772 J.B.]

199 1781 344 1808 Auctore
357 1780 503 1808 laudatus
517 1780 630 1809 fuerat.
672 1780 707 1808 J.
720 1780 761 1809 B.
1027 1779 1042 1800 k
1070 1780 1111 1809 Ut
1125 1790 1161 1809 ne
1176 1781 1208 1808 in
1224 1782 1358 1818 confinio
1374 1783 1505 1811 alterius
1519 1784 1600 1813 alter
1614 1794 1667 1813 ar-

259 1827 266 1848 ¹
287 1828 490 1867 Ξυμμαχίαν
498 1828 622 1866 vocant]
634 1829 766 1858 Veteres
778 1828 898 1868 ὁμαιχ-
965 1838 1014 1858 ces
1037 1828 1165 1867 habeat]
1188 1830 1380 1867 Exemplum
1396 1831 1466 1860 vide
1489 1833 1574 1870 apud
1588 1833 1666 1863 Pro-

197 1876 288 1914 μίαν.
339 1877 489 1913 Zosimus,
515 1878 585 1906 Lib.
605 1887 636 1906 v.
660 1888 687 1907 c.
709 1880 759 1907 42.
812 1878 899 1917 [Vox
965 1878 1090 1916 copium
1108 1878 1307 1908 Persicorum
1322 1889 1347 1910 1.
1387 1880 1484 1919 (Cap.
1501 1882 1548 1920 2.)

199 1929 305 1955 autem
321 1926 485 1964 ἐπιμαχιά
500 1926 658 1965 reperitur
668 1936 705 1956 eo
720 1936 824 1964 sensu,
836 1937 900 1965 quo

196 2086 316 2122 which
331 2099 404 2123 was
420 2087 485 2123 the
502 2093 717 2134 agreement
737 2091 775 2125 in
792 2091 856 2126 the
874 2092 937 2126 old
959 2096 1081 2138 treaty
1098 2094 1142 2128 of
1158 2094 1222 2130 the
1238 2096 1403 2131 Romans
1420 2097 1494 2131 and
1512 2097 1665 2133 Cartha-

195 2145 352 2190 ginians‚
379 2150 511 2190 except
539 2146 637 2180 what
661 2158 734 2181 was
754 2149 842 2193 paid
862 2152 901 2183 to
930 2149 994 2183 the
1014 2149 1336 2186 harbour-master
1355 2153 1429 2187 and
1451 2153 1515 2188 the
1538 2154 1665 2199 public

196 2201 311 2242 erier;
341 2212 383 2236 or
407 2201 490 2236 that
510 2213 558 2236 no
580 2203 701 2238 duties
726 2204 773 2239 be
799 2205 887 2250 paid
906 2210 1055 2251 greater
1083 2207 1173 2241 than
1194 2213 1233 2242 at
1260 2213 1422 2254 present,
1450 2220 1492 2244 or
1517 2215 1665 2256 greater

195 2257 286 2291 than
303 2269 326 2291 a
343 2259 484 2292 certain
504 2263 596 2294 rate.

269 2318 289 2349 3
321 2314 365 2347 In
393 2315 568 2350 alliances
588 2316 647 2350 for
663 2328 748 2357 war,
777 2317 841 2352 the
870 2321 984 2353 terms
1009 2331 1095 2364 may
1112 2319 1173 2361 be,
1200 2319 1282 2355 that
1312 2321 1403 2355 each
1428 2322 1507 2357 side
1531 2324 1665 2370 supply

196 2370 305 2413 equal
322 2370 442 2404 forces
460 2372 503 2405 of
524 2372 698 2418 infantry,
721 2374 881 2420 cavalry,
905 2375 979 2409 and
1001 2376 1100 2421 ships
1115 2389 1122 2409 :
1150 2376 1271 2411 either
1287 2377 1346 2411 for
1362 2378 1426 2412 the
1443 2379 1562 2413 whole
1580 2391 1664 2422 war,

196 2424 317 2459 which
344 2426 409 2460 the
438 2426 580 2462 Greeks
604 2429 722 2464 called
745 2430 986 2475 Symmachia,
1014 2433 1088 2466 and
1108 2432 1227 2467 which
1246 2434 1481 2479 Thucydides
1499 2436 1663 2481 explains

196 2486 230 2515 το
257 2482 341 2516 have
366 2483 419 2516 the
437 2485 686 2528 sanzesrievzcls
711 2488 786 2520 and
806 2488 858 2521 the
878 2499 972 2522 same
988 2490 1130 2523 enemies
1143 2502 1153 2522 :
1184 2501 1223 2524 as
1241 2490 1318 2525 also
1337 2491 1375 2524 in
1392 2491 1510 2536 Livy3
1541 2502 1584 2526 or
1604 2492 1663 2527 for

196 2537 385 2572 defensive
403 2549 582 2584 purposes
611 2542 709 2586 only,
729 2543 849 2577 which
865 2555 937 2578 was
959 2545 1178 2590 Epimachia
1189 2559 1201 2584 ;
1236 2557 1278 2580 or
1297 2547 1356 2581 for
1375 2558 1398 2581 a
1419 2548 1559 2582 certain
1576 2559 1661 2591 war,

196 2604 238 2628 or
266 2595 411 2639 against
440 2596 581 2629 certain
598 2599 772 2639 enemies,
790 2610 832 2633 or
852 2601 996 2645 against
1016 2602 1077 2641 all,
1105 2603 1300 2647 exeepting
1327 2603 1442 2644 allies,
1467 2615 1506 2638 as
1533 2604 1571 2637 in
1598 2605 1663 2640 tho

194 2650 327 2695 league
347 2650 514 2685 between
536 2651 600 2686 the
627 2653 909 2700 Carthaginians
931 2657 1005 2690 and
1030 2657 1306 2699 Macedoniam,
1334 2660 1372 2692 in
1398 2660 1597 2705 Polybius;
1621 2672 1662 2696 so

194 2706 271 2741 also
288 2707 352 2741 the
370 2707 561 2742 Rhodians
582 2709 631 2754 by
648 2713 769 2756 treaty
786 2712 970 2756 promised
992 2713 1053 2746 aid
1071 2718 1109 2748 to
1127 2714 1334 2760 Antigonus
1355 2716 1428 2750 and
1448 2716 1662 2753 Demetrius

193 2763 338 2809 against
358 2764 418 2805 all,
439 2768 571 2810 except
588 2766 770 2812 Ptolemy.

264 2820 322 2854 An
339 2821 447 2866 equal
465 2825 587 2867 treaty
603 2833 688 2868 may
705 2823 793 2864 also,
811 2834 850 2858 as
863 2835 917 2858 we
933 2824 1027 2859 have
1045 2826 1134 2867 said,
1146 2828 1292 2872 pertain
1308 2831 1347 2862 to
1364 2828 1472 2864 other
1488 2833 1658 2872 matters3

192 2886 233 2912 as
246 2875 327 2912 that
343 2877 489 2913 neither
506 2878 600 2913 shall
615 2878 709 2914 have
726 2880 918 2916 sortresses
935 2881 1063 2917 within
1077 2882 1140 2918 the
1157 2883 1379 2921 boundarics
1397 2885 1439 2920 of
1451 2885 1515 2921 the
1533 2886 1661 2929 other3
