2018 3204
346 186 401 229 ’Μ
825 193 892 226 DE
925 189 1325 226 CONTRACTIBUS.
1642 186 1738 231 [Lm.
1756 188 1808 223 11.

447 303 474 344 2
523 302 607 345 Sed
636 301 860 344 notandum
892 307 968 350 est,
994 315 1085 342 cum
1119 314 1272 349 rerum,
1306 313 1399 355 quae
1423 313 1498 341 usu
1523 304 1712 355 pereunt,
1736 305 1810 342 aut

345 366 388 410 in
421 368 590 410 alterius
621 367 843 409 dominium
879 370 1107 414 transeunt,
1137 365 1390 407 ususfructus
1425 370 1592 406 senatus
1626 364 1810 406 consulto

130 448 234 477 L.1,2.
251 449 284 473 n.
298 449 330 473 de
346 433 604 475 introductus
640 432 802 481 dicitur,
839 446 921 472 non
961 437 1100 473 tamen
1142 431 1344 479 effectum,
1383 436 1429 472 ut
1465 429 1658 486 proprius
1695 444 1812 472 usus-

132 479 209 507 Usus.
223 485 279 503 ear.

130 510 193 533 Rcr.
207 516 231 539 q.
251 510 307 534 Usu

127 546 201 564 cons.

128 644 160 668 L.
175 644 196 668 l.
238 645 267 668 Si

132 675 202 698 Usus
216 693 221 698 .
234 675 256 698 9.
273 675 306 698 D.

126 705 164 729 ad
176 706 236 735 Ley.
251 706 315 728 Fab.

347 498 503 539 fructus
538 503 656 546 esset,
690 497 743 538 de
777 511 876 538 voce
910 496 1165 537 ususfructus
1200 495 1285 552 agi,
1319 510 1410 551 quae
1445 501 1557 537 certe
1588 494 1810 537 secundum

347 577 462 604 suam
493 562 789 618 proprietatem
823 561 896 603 tali
925 560 1011 616 juri
1045 575 1128 602 non
1162 560 1378 616 congruit3
1411 575 1493 602 non
1524 565 1663 602 tamen
1695 559 1812 615 sequi

347 627 442 668 inde
470 627 540 682 jus
567 627 651 668 tale
681 626 784 667 nihil
814 641 918 676 esse,
949 631 1022 668 aut
1050 640 1133 667 non
1164 625 1414 676 aestimabile,
1440 640 1529 667 cum
1559 630 1704 667 contra
1725 639 1814 666 cer-

347 698 434 734 tum
474 692 539 743 sit,
580 691 706 747 siquis
743 691 1017 748 proprietario
1054 690 1139 732 tale
1168 690 1238 746 jus
1273 691 1404 740 cedat,
1442 690 1656 747 pecuniam
1693 704 1813 746 posse
1867 693 1871 695 ’

347 756 458 814 exigi
482 771 529 799 eo
553 757 728 799 nomine.
800 757 867 798 Sic
891 761 933 798 et
958 756 1027 811 jus
1050 755 1151 797 illud
1174 755 1333 797 nonnisi
1356 761 1449 811 post
1469 762 1631 811 tempus
1654 761 1813 797 certum

347 823 548 864 reddendi
578 822 793 878 pecuniam
828 827 902 864 aut
933 822 1086 870 vinum,
1120 826 1182 862 est
1204 820 1359 876 aliquid
1383 820 1647 863 aestimabile:
1678 821 1813 862 minus

348 887 455 929 enim
479 887 601 930 solvit
629 887 699 943 qui
731 893 918 942 tempore
948 886 1081 928 minus
1111 886 1243 928 solvit.
1313 886 1451 941 Atque
1486 886 1579 927 ideo
1603 883 1674 929 8ἐν
1696 883 1814 929 ἀντι-

349 951 506 1013 χρήσει
530 968 626 995 usus
648 953 833 1009 pecuniae
857 967 948 994 cum
972 952 1172 994 fructibus
1201 951 1347 1007 praedii
1371 955 1670 1007 compensatur.
1707 951 1812 1001 Quae

347 1033 446 1061 vero
481 1032 507 1061 a
537 1019 706 1067 Catone,
745 1018 956 1068 Cicerone,
994 1017 1232 1066 Plutarcho,
1266 1011 1336 1058 bet
1370 1016 1461 1058 aliis
1491 1021 1634 1058 contra
1667 1030 1814 1058 usuras

346 1083 551 1134 dicuntur,
591 1098 640 1125 ea
681 1083 906 1139 respiciunt
943 1097 1026 1124 non
1066 1088 1151 1124 tam
1187 1082 1298 1137 quod
1337 1081 1605 1124 intrinsecum
1649 1081 1688 1123 ei
1732 1087 1808 1131 est,

347 1163 471 1204 quam
495 1149 605 1204 quod
628 1148 870 1204 plerumque
894 1148 931 1189 ei
954 1148 1085 1196 adest,
1110 1161 1283 1202 eamque
1307 1147 1579 1202 consequitur.

447 1217 475 1256 3
523 1214 606 1256 Sed
633 1213 825 1269 quicquid
856 1214 934 1254 hac
967 1213 1019 1255 de
1049 1227 1096 1254 re
1131 1212 1283 1254 sentire
1317 1212 1456 1261 libeat,
1488 1212 1671 1254 sufficere
1694 1211 1813 1253 nobis

347 1278 471 1322 debet
500 1278 567 1321 lex
592 1293 617 1320 a
640 1280 732 1320 Deo
761 1278 953 1320 Hebraeis
984 1278 1098 1328 data,
1123 1291 1217 1333 quae
1241 1283 1354 1320 vetat
1383 1278 1585 1319 Hebraeos
1620 1276 1813 1319 Hebraeis

404 1402 418 1418 θ
437 1396 495 1425 Ἐν
518 1394 733 1433 ἀντιχρήσει]
761 1395 783 1424 1.
811 1403 882 1424 cum
908 1395 1042 1423 debitor.
1112 1396 1182 1423 tota
1195 1396 1301 1422 autem
1321 1393 1455 1422 materia
1469 1393 1613 1422 Foenorz's
1633 1396 1665 1423 et
1691 1394 1815 1424 Usura-

344 1447 375 1476 8.
396 1445 441 1475 D.
456 1445 489 1473 in
512 1444 622 1483 quibus
645 1444 748 1473 causis
757 1443 884 1481 piynus.
903 1443 925 1472 1.
954 1443 987 1472 Si
1009 1452 1046 1472 ea
1113 1452 1182 1471 ‘rum
1221 1442 1489 1471 absolutissimum
1522 1446 1555 1471 et
1596 1443 1815 1480 plenissimum

344 1495 501 1532 pactione.
521 1495 568 1522 14.
585 1493 622 1522 C.
638 1493 675 1521 de
694 1493 818 1522 Usuris.
1116 1492 1207 1529 Opus
1221 1495 1325 1520 exstat
1339 1492 1452 1520 summi
1463 1492 1483 1521 J
1486 1491 1697 1528 urisconsulti,
1709 1495 1741 1521 et
1752 1501 1815 1521 non

405 1543 420 1564 b
438 1544 485 1573 Et
503 1542 595 1581 aliis]
621 1543 665 1572 Ut
683 1544 833 1580 Appiano
847 1542 879 1570 in
895 1541 1046 1572 civilibus.
1113 1542 1218 1570 minus
1233 1540 1365 1578 judicio,
1391 1550 1485 1578 quam
1506 1542 1693 1579 eruditione,
1716 1541 1818 1579 insig-

346 1595 437 1632 (pag.
452 1596 510 1623 382
524 1603 558 1623 Β.
575 1593 639 1622 Ed.
655 1593 700 1622 H.
718 1591 840 1631 Steph.)
1115 1591 1173 1626 nis,
1189 1590 1318 1619 Clariss.
1334 1590 1498 1626 Noonrn,
1513 1591 1598 1628 quod
1613 1592 1742 1620 seorsim
1759 1601 1816 1620 an-

405 1644 419 1661 3
433 1644 571 1672 Mutavit
584 1646 695 1681 postea
709 1642 898 1671 sententiam
913 1641 1049 1678 Auctor,
1115 1643 1168 1669 tea
1176 1638 1400 1675 editum‚inter
1413 1639 1520 1677 Opera
1529 1639 1595 1677 ejus
1604 1642 1716 1677 postea
1724 1649 1814 1669 recu-

346 1696 383 1722 ut
397 1696 486 1730 patet
502 1702 540 1721 ex
561 1692 629 1730 ejus
650 1692 752 1729 Epist.
775 1691 844 1721 953.
867 1692 907 1719 ad
927 1691 1049 1719 Salma-
1115 1698 1183 1718 sum
1199 1691 1257 1717 est.
1293 1688 1328 1716 J.
1344 1687 1386 1717 B.

347 1742 428 1770 sium
443 1741 578 1778 scripta3
600 1741 654 1769 sed
673 1739 827 1777 imprimis
847 1748 884 1768 ex
901 1739 1048 1768 Adnota-
1174 1744 1186 1759 c
1202 1738 1345 1767 Honesta
1358 1738 1533 1777 moraliter]
1548 1739 1675 1769 Hebraei
1687 1742 1816 1769 censent

347 1790 486 1819 tionibus
508 1790 548 1817 ad
567 1789 686 1818 dictum
704 1791 800 1825 caput
821 1788 926 1824 Luem,
944 1788 982 1816 vi.
1001 1789 1049 1818 35.
1116 1797 1192 1816 voce
1210 1795 1269 1823 ”nm
1287 1788 1459 1826 significari
1474 1798 1601 1818 usuram
1616 1790 1649 1818 in
1664 1789 1815 1827 pecunia:

348 1848 419 1877 quae
433 1839 502 1868 heic
524 1838 652 1867 omnino
673 1837 809 1866 conferri
831 1837 957 1866 debent.
997 1836 1048 1865 De
1116 1846 1193 1866 voce
1207 1844 1313 1868 rra-m
1327 1837 1358 1865 in
1379 1837 1488 1875 quavis
1503 1838 1617 1876 specie.
1659 1838 1817 1877 Hierony-

349 2004 415 2038 tho
445 2003 533 2037 loan
567 2002 610 2036 of
637 2012 659 2036 a
690 2001 819 2047 thing;
855 2001 929 2036 this
960 2001 1048 2047 only
1078 2001 1205 2036 makes
1236 2000 1301 2036 the
1333 2004 1504 2036 contract
1535 2000 1623 2035 take
1655 1999 1814 2035 another

350 2071 471 2100 name,
497 2059 617 2103 lettiny
637 2058 782 2092 instead
803 2058 846 2092 of
862 2058 1014 2103 lendinq.

422 2117 504 2150 Nor
523 2116 553 2149 is
570 2115 599 2149 it
616 2125 719 2149 more
738 2115 958 2160 convincing
983 2118 1023 2149 to
1045 2124 1110 2159 say
1131 2112 1188 2156 (2)
1211 2113 1308 2148 That
1329 2124 1464 2159 money
1484 2113 1514 2147 is
1536 2112 1674 2147 barren
1697 2112 1748 2158 by
1767 2112 1815 2148 its

348 2175 504 2212 nature3
520 2172 580 2205 for
595 2171 728 2205 houses
745 2171 819 2205 and
837 2171 945 2205 other
961 2170 1084 2216 things
1100 2169 1219 2205 which
1234 2170 1399 2216 produce
1416 2180 1464 2204 no
1478 2169 1587 2204 fruits
1604 2169 1654 2216 by
1670 2173 1815 2210 nature,

350 2229 415 2263 tho
438 2229 609 2273 industry
631 2227 673 2262 of
689 2238 776 2261 man
796 2228 922 2262 makes
942 2227 1101 2261 fruitful.

423 2285 504 2319 The
525 2284 633 2318 other
652 2287 866 2329 arguments
886 2295 950 2318 are
966 2294 1070 2318 more
1090 2282 1269 2328 specious,
1288 2278 1344 2325 (3)
1366 2282 1464 2316 That
1483 2281 1585 2322 here,
1605 2293 1628 2316 a
1647 2281 1755 2327 thing
1772 2282 1816 2317 of

349 2340 414 2376 the
435 2352 535 2375 same
555 2340 646 2374 kind
671 2341 701 2374 is
721 2340 851 2385 repaid
878 2340 938 2374 for
963 2351 986 2373 a
1006 2339 1123 2384 thing,
1148 2339 1222 2373 and
1242 2339 1325 2373 that
1349 2339 1414 2373 the
1444 2349 1508 2373 use
1534 2338 1576 2372 of
1602 2337 1667 2372 the
1697 2338 1815 2383 thing,

349 2408 496 2442 money,
512 2400 648 2431 cannot
669 2397 717 2431 be
737 2396 1007 2441 distinguished
1026 2396 1124 2429 from
1144 2394 1209 2430 the
1229 2395 1336 2440 thing
1356 2394 1469 2435 itself,
1489 2395 1590 2428 since
1610 2395 1640 2429 it
1659 2395 1815 2429 consists

349 2454 389 2487 in
413 2455 536 2494 abusu,
566 2454 605 2486 in
632 2453 776 2497 getting
806 2452 865 2486 rid
893 2452 937 2487 of
963 2452 1010 2486 it:
1048 2451 1122 2486 and
1151 2450 1339 2486 therefore
1370 2450 1528 2496 nothing
1554 2450 1671 2496 ought
1697 2454 1737 2485 to
1767 2450 1815 2485 be

351 2510 561 2544 demanded
581 2509 641 2543 for
661 2510 699 2542 it.

419 2570 441 2600 2
472 2564 529 2608 (4)
551 2566 586 2599 It
610 2566 640 2599 is
666 2564 745 2599 said
761 2564 800 2597 in
820 2563 884 2598 the
905 2563 1039 2599 deci-ee
1063 2563 1107 2598 of
1132 2563 1197 2598 the
1224 2564 1402 2605 Senate*,
1427 2563 1526 2598 That
1545 2563 1688 2608 though
1709 2562 1816 2597 there

351 2625 488 2656 cannot
507 2622 554 2656 be
574 2621 750 2667 properly
769 2620 942 2655 usufruct
966 2620 1010 2654 of
1030 2631 1052 2654 a
1081 2620 1188 2665 thing
1207 2620 1327 2655 which
1352 2620 1518 2666 perishes
1543 2620 1582 2653 in
1611 2619 1677 2654 the
1697 2618 1815 2664 using,

351 2682 414 2723 yet
434 2678 539 2713 there
561 2689 645 2723 may
663 2678 710 2712 be
732 2678 834 2722 quasi
853 2677 1021 2721 usufruct
1041 2676 1084 2711 of
1099 2677 1190 2711 such
1214 2688 1237 2710 a
1260 2677 1379 2722 thing,
1400 2677 1468 2711 but
1489 2676 1571 2711 that
1589 2676 1618 2710 it
1639 2675 1727 2710 does
1747 2678 1815 2709 not

351 2734 507 2779 thereby
523 2735 677 2768 become
694 2733 758 2768 the
774 2737 953 2779 property
971 2733 1015 2768 of
1034 2733 1099 2767 the
1119 2737 1261 2767 tenant.
1313 2734 1388 2767 But
1413 2733 1486 2767 this
1506 2732 1647 2776 merely
1674 2731 1814 2765 defines

350 2788 416 2822 the
432 2790 533 2823 word
553 2792 731 2834 usufruct.
785 2790 975 2835 Certainly
991 2789 1075 2823 that
1092 2790 1193 2823 word
1214 2790 1303 2824 does
1320 2793 1387 2824 not
1407 2789 1582 2834 properly
1598 2797 1708 2832 agree
1725 2786 1814 2820 with

351 2843 416 2878 the
432 2844 532 2889 right
553 2846 595 2880 of
609 2856 733 2891 usury.
783 2846 858 2880 But
875 2846 905 2880 it
922 2846 1010 2880 does
1028 2850 1094 2880 not
1110 2846 1234 2880 follow
1254 2846 1337 2880 that
1353 2845 1459 2880 there
1476 2845 1506 2878 is
1523 2855 1572 2878 no
1589 2842 1680 2878 such
1696 2842 1810 2887 right:

631 2920 649 2935 ⁸*
669 2920 778 2948 Under
793 2921 947 2950 Tiberius.
989 2922 1136 2951 Heinecc.
1159 2922 1260 2950 Elem.
1277 2922 1351 2950 Jur.
1371 2920 1438 2950 civ.
1453 2920 1521 2951 419.
