2018 3204
889 321 1078 363 CAPUT
1114 321 1274 363 XXIV.

383 436 585 472 MONITA
614 437 683 471 DE
713 437 826 472 NON
856 438 1063 472 TEMERE
1094 438 1256 473 ETIAM
1285 439 1358 474 EX
1386 440 1560 475 JUSTIS
1593 438 1770 475 CAUSIS

804 495 1147 530 SUSCIPIENDO
1178 496 1355 531 BELLO.

385 593 415 628 I.
458 594 489 627 J
488 605 525 627 as
541 604 632 638 saepe
648 593 905 634 remittendum,
921 599 961 627 ut
978 593 1047 628 bel-

463 652 537 684 lum
554 651 681 684 vitetur
692 663 703 682 .·

376 708 425 742 II.
463 708 695 754 ,ZlIaoeimejus
711 708 762 740 ad
775 718 901 751 poenas
915 719 926 740 .·

370 765 439 799 111.
464 765 674 799 Praesertim
690 776 714 797 a
729 775 806 808 resse
827 764 919 798 [ceso.

367 822 433 856 IV.
459 822 587 855 Etiam
621 833 711 855 cura
748 822 804 855 sm·
839 827 869 855 et
899 833 1047 855 suorum

463 879 707 913 abstinendum
724 890 813 923 scepe
832 878 926 912 bello.

385 936 430 970 V.
462 936 611 981 Reyulce
628 936 831 981 prudentiae
852 936 948 970 circa
963 936 1044 971 elec-

464 994 591 1027 tionem
611 995 794 1027 bonorum.

371 1051 437 1085 VI.
461 1051 678 1095 Exemplum
726 1051 765 1083 in
805 1049 1047 1084 deliberatione

462 1108 554 1141 inter
570 1108 727 1141 studium
749 1107 916 1140 libertatis
933 1112 964 1140 et
976 1118 1046 1151 pa-

462 1165 510 1199 cis
523 1177 533 1197 :
556 1177 625 1210 qua
642 1164 827 1199 internecio
840 1164 968 1209 populi
980 1164 1046 1198 evi-

1229 599 1331 628 tetur.

1125 650 1211 684 VII.
1229 650 1264 684 Α
1293 651 1407 696 poenis
1438 651 1611 697 exiyendis
1643 652 1812 686 abstinere

1229 709 1346 742 debere
1363 709 1423 754 qai
1444 721 1515 743 non
1531 709 1642 743 multo
1661 710 1706 743 sit
1722 709 1812 742 vali-

1229 765 1320 799 dior.

1113 821 1219 855 VIII.
1232 822 1390 863 Restare,
1424 828 1464 856 ut
1500 822 1626 857 bellum
1661 834 1733 857 own
1767 822 1812 856 sit

1228 879 1498 924 suscipiendam,
1514 879 1584 913 ‘nisi
1607 890 1648 914 ex
1671 879 1813 914 ‘necessi-

1230 942 1320 970 tate:

1123 988 1203 1026 '1X.
1229 992 1306 1027 Aut
1335 1005 1376 1027 eoe
1405 994 1566 1027 maxima
1594 1004 1703 1028 causa
1732 1004 1812 1027 cum

1229 1051 1391 1084 mawima
1407 1051 1590 1085 occasione.

1144 1106 1193 1140 X.
1225 1107 1412 1141 Bellorum
1433 1108 1532 1142 mala
1554 1108 1594 1142 ob
1615 1106 1731 1142 oculos
1746 1117 1813 1152 po-

1229 1164 1309 1198 sita.

351 1263 385 1304 I.
432 1263 456 1304 1
574 1261 698 1304 UAN
704 1263 873 1312 QUAM
901 1261 1088 1312 instituti,
1119 1263 1229 1318 quod
1260 1263 1311 1305 de
1330 1262 1426 1319 jure
1451 1263 1547 1305 belli
1574 1262 1813 1318 inscriptum

607 1334 681 1377 est,
714 1343 811 1383 pars
846 1328 1013 1383 proprie
1044 1343 1125 1369 non
1160 1328 1323 1370 videtur·
1358 1329 1538 1384 exsequi,
1574 1328 1673 1384 quid
1707 1328 1814 1369 circa

348 1393 499 1435 bellum
518 1393 691 1435 virtutes
715 1393 805 1435 aliae
829 1393 1070 1449 praecipiant
1093 1400 1166 1436 aut
1189 1395 1400 1444 suadeant,
1426 1395 1559 1436 obiter
1582 1401 1721 1436 tamen
1743 1394 1814 1435 ob-

348 1459 456 1502 viam
481 1459 659 1501 eundum
689 1466 751 1501 est
783 1459 926 1510 errori,
953 1474 1004 1501 ne
1036 1459 1126 1516 quis
1157 1460 1374 1510 existimet,
1396 1460 1467 1503 ubi
1493 1460 1562 1517 jus
1586 1460 1684 1502 satis
1707 1474 1814 1502 com-

407 1576 421 1591 a
440 1570 515 1599 Non
530 1570 566 1599 ob
581 1569 723 1608 quamvis
737 1579 864 1598 causam
880 1570 971 1598 talem
985 1569 1047 1599 bel-

352 1621 414 1650 lum
434 1618 677 1658 suscipiendum]
707 1620 827 1648 Seneca
854 1620 994 1648 suasoria
1016 1628 1048 1649 v.

353 1671 463 1700 Gallio
478 1671 569 1707 dixit,
584 1671 694 1699 bellum
708 1670 1049 1708 suscipiendumfuisse

344 1731 407 1759 pro
420 1721 643 1758 libertate‚pro
656 1720 913 1758 c07zjuqibus,pro
925 1719 1046 1748 liberis.-

344 1780 407 1809 pro
426 1779 460 1798 re
480 1779 675 1807 supervacua
697 1773 725 1798 et
747 1770 827 1798 nihil
845 1770 1000 1804 nocitura,
1021 1769 1050 1797 si

339 1821 444 1858 fieret,
463 1830 523 1848 non
537 1828 600 1848 esse
616 1819 854 1857 suscipiendum.
897 1819 973 1847 Plus
990 1819 1048 1847 ali-

351 1870 427 1908 quid
452 1869 643 1906 Apollonius
666 1868 746 1897 dixit
769 1869 838 1906 regi
866 1868 1049 1905 Babyloniae

349 1919 435 1957 apud
451 1918 679 1947 Pliilostratum
695 1917 763 1946 Lib.
781 1926 804 1946 1.
821 1926 891 1954 cap.
906 1918 953 1946 23.
986 1917 1048 1953 (38.

349 1969 441 1999 Edit.
469 1967 590 2003 Olear.)
636 1966 831 2004 προσετίθει
860 1966 892 1994 δὲ
921 1965 974 1994 καὶ
1006 1965 1048 1994 τὸ

350 2018 393 2056 μή
418 2018 485 2046 δεῖν
510 2017 591 2053 ὑπὲρ
614 2018 739 2053 κωμῶν,
766 2015 808 2044 ὦν
827 2015 955 2052 μείζους
976 2015 1049 2044 κέκ-

349 2079 472 2103 τηνται
491 2066 583 2105 τάχα
598 2067 652 2095 καὶ
674 2066 813 2101 ἰδιῶται,
833 2064 1049 2103 διαφέρεσθαι

1117 1570 1202 1607 πρὸς
1215 1569 1405 1608 Ῥωμαίους,
1421 1570 1474 1600 καὶ
1488 1570 1639 1607 πόλεμον
1652 1569 1716 1599 οὐδ’
1733 1570 1815 1609 ὑπὲρ

1118 1620 1276 1658 μεγάλων
1299 1620 1461 1658 αἴρεσθαι·
1491 1620 1619 1650 addidit
1644 1630 1725 1657 vero,
1756 1629 1818 1649 non

1118 1673 1260 1707 oportere
1273 1680 1340 1700 cum
1350 1670 1500 1700 Romanis
1509 1671 1670 1709 disputare
1681 1671 1718 1699 de
1728 1670 1816 1707 vicis,

1119 1720 1230 1757 quibus
1250 1721 1383 1758 majores
1407 1721 1528 1758 privati
1548 1730 1625 1758 soepe
1645 1720 1816 1758 possident,

1120 1769 1165 1798 ad
1178 1769 1287 1799 bellum
1301 1779 1372 1799 vero
1386 1779 1422 1799 ne
1433 1770 1470 1799 ob
1485 1779 1615 1808 maqnas
1625 1769 1748 1808 quidem
1766 1779 1817 1799 ve-

1119 1820 1187 1848 nire
1201 1829 1324 1850 causas.
1366 1820 1387 1849 J
1390 1820 1525 1858 osephus
1538 1820 1638 1849 altero
1653 1820 1734 1848 libro
1756 1820 1815 1849 ad-

1119 1879 1225 1898 versus
1247 1869 1420 1907 Appionem
1447 1871 1486 1899 de
1504 1870 1711 1908 popularibus
1733 1871 1815 1900 suis:

1119 1918 1196 1946 οὔτε
1220 1919 1282 1952 τήν
1309 1919 1441 1956 ἀνδρίαν
1465 1920 1654 1957 ἠσκήσαμεν
1681 1920 1737 1948 ἐπὶ
1764 1921 1816 1958 τῷ

1118 1967 1286 2004 πολέμους
1312 1967 1454 2004 ἅρασθαι
1482 1968 1579 2006 χάριν
1606 1969 1813 2008 πλεονεξίας,

1117 2015 1195 2044 ἀλλ’
1211 2016 1265 2045 ἐπὶ
1280 2017 1328 2054 τῷ
1343 2018 1418 2045 τοὺς
1433 2017 1546 2054 νόμους
1559 2017 1816 2054 διαφυλάττειν.

1117 2064 1178 2094 ’τάς
1211 2066 1291 2103 γοῦν
1317 2065 1432 2094 ἄλλων
1459 2065 1667 2095 ἐλαττώσεις
1698 2066 1814 2105 πρᾴως

391 2233 572 2268 CHAPTER
593 2232 739 2268 XXIV.
797 2233 996 2278 Waroziwys
1017 2232 1159 2278 against
1179 2233 1326 2279 malvias]
1351 2233 1444 2267 VVar
1460 2233 1592 2279 rashly,
1613 2244 1691 2268 even
1705 2234 1776 2279 for

974 2291 1052 2336 just
1078 2301 1206 2324 causes.

418 2382 446 2415 I.
498 2385 515 2415 1
541 2379 732 2425 Although
753 2381 781 2414 it
808 2379 926 2425 might
953 2391 1053 2414 seem
1074 2379 1156 2414 that
1177 2390 1229 2414 we
1250 2379 1332 2413 who
1352 2379 1495 2425 profess
1516 2383 1555 2414 to
1575 2380 1678 2414 write
1699 2379 1814 2414 about

349 2438 414 2473 the
442 2438 576 2483 Rights
604 2438 646 2472 of
667 2438 767 2478 VVar,
788 2437 870 2471 that
900 2437 941 2477 is,
964 2437 1011 2470 its
1034 2437 1181 2481 justice,
1206 2436 1301 2471 have
1327 2437 1484 2482 nothing
1508 2441 1547 2471 to
1576 2437 1623 2471 do
1644 2436 1734 2471 with
1749 2436 1814 2471 the

349 2495 622 2530 consideration
640 2494 682 2529 of
698 2494 793 2528 what
811 2493 918 2528 other
937 2494 1072 2527 virtues
1090 2493 1234 2528 besides
1244 2494 1380 2538 justice
1397 2495 1593 2528 commend
1611 2505 1653 2528 or
1672 2505 1814 2528 recom0

349 2553 479 2593 mend3
514 2556 577 2596 yet
601 2563 654 2586 we
681 2555 780 2585 must
807 2555 868 2596 try
897 2555 936 2585 to
960 2550 1107 2585 obviate
1132 2550 1197 2585 the
1227 2562 1331 2585 error
1351 2550 1470 2585 which
1496 2551 1619 2585 would
1643 2551 1690 2585 be
1712 2561 1812 2585 com-

349 2610 483 2644 mitted
503 2609 535 2642 if
553 2620 626 2654 any
647 2619 718 2643 one
739 2619 834 2642 were
860 2612 899 2641 to
921 2607 1029 2642 think
1049 2607 1132 2642 that
1155 2607 1260 2642 when
1283 2607 1347 2642 the
1380 2607 1479 2652 right
1499 2619 1572 2642 was
1594 2619 1687 2642 once
1717 2612 1814 2642 esta-

349 2665 505 2706 blished,
526 2666 554 2700 it
574 2666 603 2700 is
624 2665 815 2700 forthwith
833 2664 952 2699 either
979 2675 1116 2710 proper
1142 2664 1224 2699 that
1249 2676 1324 2698 war
1347 2664 1481 2699 should
1501 2664 1548 2699 be
1569 2664 1813 2705 undertaken,

350 2733 392 2755 01·
409 2734 501 2757 even
521 2722 603 2757 that
620 2724 649 2757 it
666 2723 695 2756 is
712 2722 845 2768 always
865 2722 990 2756 lawful
1006 2726 1045 2756 to
1063 2721 1270 2756 undertake
1290 2723 1331 2757 it.
1382 2722 1457 2756 For
1477 2733 1524 2756 on
1545 2721 1609 2756 the
1630 2726 1812 2766 contrary,

349 2779 378 2812 it
403 2779 432 2812 is
453 2779 587 2825 mostly
607 2790 710 2814 more
728 2779 826 2824 right
850 2779 923 2813 and
945 2790 1047 2813 more
1067 2780 1173 2824 pious
1201 2783 1239 2812 to
1260 2779 1342 2824 give
1363 2790 1413 2824 up
1438 2779 1538 2813 one's
1559 2778 1688 2823 rights.
1737 2778 1812 2811 For

348 2845 388 2869 as
410 2846 462 2869 we
488 2836 579 2870 have
601 2837 751 2882 already
776 2836 866 2876 said,
887 2847 939 2870 we
968 2847 1054 2881 may
1086 2847 1176 2870 even
1203 2836 1366 2870 sacrifice
1390 2846 1458 2869 our
1483 2835 1548 2869 life
1572 2835 1610 2869 in
1639 2834 1748 2868 order
1771 2837 1810 2867 to

347 2890 506 2933 further,
527 2903 566 2925 as
588 2893 698 2927 much
719 2904 758 2927 as
779 2894 808 2928 is
829 2893 867 2927 in
887 2903 940 2934 us,
962 2892 1025 2928 the
1043 2893 1105 2928 life
1123 2893 1197 2927 and
1218 2892 1360 2927 eternal
1380 2892 1560 2927 salvation
1582 2891 1625 2926 of
1641 2889 1807 2924 another.
