2018 3204
181 167 272 204 CAP.
293 166 417 211 XVI.]
606 169 674 203 DE
705 167 1158 204 INTERPRETATION
1161 169 1203 202 Ε.
1558 161 1642 204 157

182 277 348 319 tellecta
381 283 491 318 sunt.
556 276 698 318 Rectae
739 276 1088 332 interpretationis
1128 290 1319 318 mensura
1350 280 1412 317 est
1458 274 1639 318 collectio

181 341 329 383 mentis
353 356 404 383 ex
427 341 555 399 signis
578 342 754 384 maxime
780 342 1069 398 probabilibus.
1138 343 1226 383 ²Ea
1257 341 1375 398 signa
1397 347 1492 383 sunt
1515 342 1641 383 duum

182 421 392 463 generum,
419 408 548 449 verba
571 413 613 449 et
636 407 880 463 conjecturae
902 408 1019 450 aliae:
1053 422 1145 464 quae
1172 411 1244 449 aut
1267 406 1434 448 seorsim
1459 406 1642 448 conside-

182 478 342 521 rantur,
365 478 436 514 aut
457 472 711 527 conjunctim.

285 538 339 578 ΙΙ.
411 537 455 579 Si
478 538 589 579 nulla
624 538 677 580 sit
700 538 933 594 conjectura
956 554 1047 595 quae
1071 539 1194 580 ducat
1224 538 1316 587 alio,
1346 538 1473 580 verba
1495 537 1642 581 intelli-

183 602 319 660 genda
342 609 436 645 sunt
467 617 517 644 ex
541 603 809 658 proprietate,
846 600 955 645 bnon
990 603 1258 661 grammatica
1280 618 1373 659 quae
1396 610 1459 647 est
1487 618 1539 646 ex
1563 605 1642 646 ori-

183 668 291 726 gine,
315 668 388 710 sed
413 668 601 724 populari
627 683 678 710 ex
700 684 788 718 usu,

339 747 458 789 Quem
481 759 594 794 penes
619 748 814 783 arbitrium
840 752 907 790 est,
930 753 968 784 et
986 749 1047 794 jus
1072 752 1110 783 et
1140 759 1270 783 norma
1292 748 1479 794 loquendi.

186 811 321 854 Stulte
353 827 453 869 ergo
487 812 670 868 perfidiae
702 812 852 869 effugio
885 813 947 854 usi
972 819 1066 855 sunt
1089 812 1246 860 cLocri,
1283 827 1373 854 cum
1398 813 1566 868 polliciti
1597 828 1641 855 se

183 877 314 933 pactis
347 883 526 920 staturos
548 878 740 933 quamdiu
764 884 918 919 terram
941 879 1047 919 hanc
1077 877 1313 920 insisterent
1334 884 1376 920 et
1397 878 1533 935 capita
1567 880 1642 921 hu-

183 943 307 984 meris
352 949 577 1000 gestarent,
619 949 774 985 terram
812 942 1095 985 calceamentis
1129 942 1331 999 injectam,
1375 950 1418 986 et
1455 944 1643 986 alliorum

184 1009 321 1064 capita
350 1009 530 1051 humeris
557 1008 745 1064 imposita
778 1008 1028 1064 abjecerunt,
1065 1009 1181 1064 quasi
1215 1023 1263 1050 eo
1295 1009 1414 1051 modo
1445 1010 1643 1068 religione

185 1089 228 1116 se
263 1081 429 1130 possent
454 1074 677 1123 exsolvere,
703 1088 796 1129 quae
828 1074 1003 1116 historia
1026 1074 1136 1130 apud
1160 1074 1380 1130 Polybium
1402 1081 1562 1118 exstat:
1595 1091 1643 1118 ac

185 1139 325 1181 similis
359 1140 543 1196 perfidiae
576 1139 763 1196 exempla
797 1139 951 1195 aliquot
985 1140 1095 1195 apud
1123 1140 1377 1196 Polyaenum,
1411 1155 1503 1196 quae
1529 1148 1643 1184 tran-

184 1205 364 1247 scribere
387 1205 488 1246 nihil
512 1220 613 1261 opus
636 1211 710 1254 est,
733 1203 829 1260 quia
853 1205 1173 1247 controversiam
1197 1220 1278 1247 non
1302 1206 1468 1249 habent.
1523 1208 1642 1264 Ejus-

184 1271 294 1312 modi
328 1271 539 1313 fraudibus
561 1276 673 1312 recte
707 1270 813 1312 dixit
837 1270 980 1313 Cicero
1004 1271 1219 1330 adstringi,
1255 1286 1337 1313 non
1363 1272 1527 1315 dissolvi
1551 1289 1643 1330 per-

180 1336 348 1392 jurium.

286 1403 364 1445 III.
435 1398 512 1444 dIn
535 1401 687 1444 artium
711 1408 848 1445 autem
874 1403 1090 1455 vocabulis,
1117 1418 1208 1459 quae
1231 1403 1404 1460 populus
1428 1403 1496 1446 vix
1520 1404 1642 1461 capit,

185 1520 237 1547 tur
258 1518 337 1547 enim
360 1528 408 1547 res
432 1518 508 1557 ipsoe
527 1528 591 1557 qua
612 1519 721 1548 volunt
740 1518 883 1555 homines,
953 1518 1129 1548 Tur-carum
1148 1519 1229 1558 oriq.
1251 1519 1283 1548 in
1300 1520 1484 1549 Mahumete
1499 1520 1546 1549 11.
1570 1530 1645 1559 pag.

186 1569 339 1598 vocabula
361 1569 420 1598 illa
447 1568 595 1607 primitus
620 1569 767 1606 imposita
791 1569 884 1597 rebus
951 1570 1018 1598 132.
1060 1569 1151 1598 Edit.
1169 1569 1271 1607 Luqd.
1284 1570 1326 1599 B.
1345 1570 1432 1599 1654.
1476 1570 1513 1599 J.
1527 1570 1585 1609 B.]

186 1619 267 1647 nihil
281 1622 432 1648 curantes.
473 1619 571 1656 (Cap.
588 1618 643 1656 ιι.)
1007 1618 1022 1639 ‘¹
1043 1619 1083 1647 In
1094 1619 1210 1647 artium
1220 1622 1320 1647 autem
1329 1620 1501 1658 vocabulis]
1516 1620 1646 1658 Augus-

245 1673 258 1688 ς
279 1668 391 1707 Locri]
427 1668 587 1707 Polybius,
619 1667 689 1696 Lib.
709 1676 774 1696 xil.
804 1678 831 1697 c.
853 1670 884 1698 4.
948 1669 1034 1697 tinus
1049 1668 1079 1696 in
1095 1668 1279 1698 rhetoricis:
1307 1669 1351 1698 Ut
1368 1670 1467 1698 multa
1483 1680 1564 1699 nova
1583 1674 1648 1700 tam

187 1718 294 1747 Simile
309 1718 394 1756 quod
410 1718 515 1747 Boeoti
535 1718 644 1746 urbem
661 1717 794 1756 polliciti
812 1719 883 1747 red-
949 1727 970 1746 a
985 1718 1130 1747 leclznicis
1144 1721 1172 1746 et
1191 1719 1416 1748 mathematicis
1430 1729 1527 1757 quam
1541 1721 1647 1758 aphi-

186 1768 271 1804 dere,
294 1777 357 1796 non
382 1771 518 1796 stantem
540 1768 594 1796 sed
616 1777 755 1796 eversam
778 1767 882 1796 reddi·
948 1767 1087 1804 losophis
1108 1769 1372 1805 coqnomz'nantur,
1395 1770 1535 1807 accipere
1557 1770 1646 1799 debe-

186 1817 269 1846 dere.
320 1817 462 1856 Thucyd.
488 1826 518 1846 v,
547 1817 628 1855 (cap.
651 1818 702 1853 42)
736 1819 768 1845 et
797 1817 882 1854 quod
947 1825 1082 1844 musnon
1093 1817 1326 1854 tamprosolito
1338 1827 1395 1846 usu
1405 1819 1647 1856 consuetudinis,

186 1867 385 1896 Mahumetes
419 1867 578 1902 Sultanus,
627 1867 749 1895 Euboea
780 1870 884 1904 capta,
947 1875 1041 1904 quam
1052 1875 1112 1903 pro
1127 1866 1300 1896 conditione
1309 1868 1469 1905 praecepti.
1502 1867 1601 1906 (Cap.
1615 1869 1645 1899 9.

185 1925 257 1945 eum
277 1916 425 1945 dissecuit
450 1916 498 1944 cui
521 1918 616 1953 caput
635 1916 792 1945 incolume
815 1917 883 1945 fore
948 1915 1086 1953 Princip.
1102 1915 1261 1945 Rhetoric.
1283 1916 1363 1946 falso
1378 1917 1424 1946 illi
1437 1917 1571 1948 Doctori
1586 1919 1644 1949 tri-

184 1966 381 2004 promiserat.
425 1964 523 2004 [Vide
554 1965 586 1994 J.
609 1964 810 1994 Cusmxmx.
846 1966 883 1994 de
946 1964 1126 2003 butorum.)

185 2117 283 2152 from
295 2116 359 2152 the
370 2120 466 2152 most
482 2116 661 2163 probable
672 2118 785 2163 signs.
834 2116 955 2152 These
968 2117 1066 2163 signs
1079 2128 1142 2152 are
1156 2117 1199 2152 of
1210 2122 1282 2152 two
1295 2118 1415 2158 kinds,
1430 2119 1558 2162 words,
1574 2121 1650 2155 and

186 2173 294 2209 other
306 2175 551 2219 conjectures3
576 2174 694 2209 which
707 2186 771 2209 are
784 2174 1000 2209 considered
1015 2174 1135 2209 either
1147 2175 1356 2220 separatcly
1370 2186 1412 2209 or
1428 2177 1643 2223 conjointly.

259 2231 307 2266 II.
354 2231 393 2265 If
402 2231 506 2265 there
524 2232 553 2265 is
571 2242 618 2265 no
635 2233 846 2276 conjecture
859 2230 978 2265 which
998 2232 1120 2276 points
1136 2231 1294 2265 another
1314 2243 1426 2277 away,
1449 2232 1511 2267 the
1529 2234 1648 2269 words

186 2298 249 2322 are
262 2291 301 2321 to
313 2288 360 2322 be
373 2288 682 2328 understoo(l,not
695 2288 892 2333 according
902 2292 940 2322 to
951 2288 1205 2333 grammatical
1217 2288 1290 2322 and
1302 2289 1648 2335 etymological,but

187 2344 345 2389 popular
360 2344 560 2390 propriety‚
580 2356 619 2379 as
640 2345 833 2389 regulated
849 2345 899 2390 by
913 2356 1036 2390 usage.
1097 2345 1194 2379 That
1214 2356 1286 2379 was
1307 2357 1329 2379 a
1345 2345 1479 2381 foolish
1498 2348 1648 2382 evasion

188 2399 377 2434 therefore
397 2401 440 2434 of
455 2400 519 2434 the
536 2401 723 2443 Locrians,
744 2401 835 2443 who,
856 2401 962 2436 when
983 2402 1071 2447 they
1087 2401 1161 2435 had
1177 2413 1296 2436 sworn
1317 2402 1399 2437 that
1416 2403 1505 2449 they
1525 2404 1647 2438 would

187 2457 283 2502 keep
303 2456 400 2490 their
419 2461 589 2502 compact
609 2469 648 2492 as
668 2458 756 2503 long
781 2469 820 2492 as
840 2457 929 2504 they
951 2459 1058 2493 stood
1082 2469 1183 2504 upon
1201 2458 1265 2493 the
1282 2459 1388 2493 earth
1408 2459 1482 2494 and
1504 2460 1648 2495 carried

188 2513 303 2548 heads
321 2524 368 2547 on
389 2513 486 2547 their
502 2513 705 2555 shoulders,
724 2519 793 2560 put
814 2515 919 2549 earth
941 2515 978 2548 in
999 2515 1097 2549 their
1124 2515 1243 2556 shoes,
1270 2516 1343 2549 and
1368 2515 1482 2550 heads
1503 2516 1545 2551 of
1564 2528 1648 2562 gar-

190 2570 262 2604 lick
282 2581 330 2604 on
347 2569 445 2604 their
471 2569 675 2611 shoulders,
702 2571 775 2604 and
795 2571 885 2605 then
905 2571 1022 2606 threw
1042 2571 1145 2606 them
1162 2583 1286 2617 away3
1317 2584 1356 2606 as
1377 2572 1409 2606 if
1430 2572 1519 2619 they
1536 2573 1647 2608 could

189 2627 227 2661 in
259 2626 342 2661 that
373 2637 452 2671 way
480 2626 559 2661 free
589 2626 809 2661 themselves
839 2627 937 2661 from
968 2628 1065 2662 their
1090 2628 1200 2663 oath:
1245 2640 1284 2663 as
1322 2629 1386 2662 the
1417 2634 1518 2675 story
1545 2631 1575 2664 is
1607 2631 1647 2664 in

189 2683 378 2729 Polybius.
412 2683 533 2717 There
554 2694 617 2718 are
637 2694 738 2718 some
755 2684 941 2729 examples
959 2685 1002 2718 of
1018 2685 1158 2718 similar
1173 2684 1247 2718 bad
1267 2685 1361 2719 saith
1382 2685 1420 2719 in
1438 2687 1646 2732 Polyaenus,

189 2740 306 2775 which
324 2741 352 2774 it
366 2740 394 2774 is
411 2744 477 2774 not
495 2751 687 2785 necessary
703 2745 741 2774 to
763 2741 977 2781 transcribe,
997 2741 1155 2775 because
1172 2741 1278 2775 there
1297 2742 1325 2775 is
1343 2752 1390 2776 no
1409 2749 1648 2790 controversy

189 2798 228 2832 in
259 2796 349 2831 such
378 2808 490 2831 cases.
556 2797 684 2831 Cicero
717 2796 854 2843 rightly
883 2808 976 2843 says,
1006 2797 1088 2833 that
1113 2797 1203 2832 such
1233 2798 1393 2834 artifices
1414 2799 1462 2834 do
1492 2804 1559 2835 not
1587 2812 1648 2836 cx-

187 2858 352 2895 tenuate,
371 2854 438 2888 but
459 2853 635 2888 establish
656 2854 811 2900 perfidy.

263 2911 333 2945 III.
395 2911 439 2945 In
460 2915 572 2946 terms
597 2911 640 2945 of
657 2915 724 2951 art,
749 2910 930 2953 however,
960 2911 1075 2946 which
1098 2923 1160 2947 are
1177 2913 1374 2960 popularly
1391 2912 1524 2961 hardly
1541 2914 1649 2950 intel-

1660 759 1755 783 Horat.
1768 760 1826 783 Art.

1663 790 1731 814 Poct.
1746 797 1771 813 v.
1783 790 1820 816 73.

1662 1297 1702 1320 οε
1716 1296 1784 1327 offic.
1798 1296 1834 1320 iii.

1660 1328 1698 1350 32.
