2018 3204
173 180 386 224 CAP.XV.]
448 182 516 216 DE
546 181 834 216 FEDERIBUS
865 180 928 216 Ac
960 181 1348 216 SPONSIONIBUS.
1552 175 1627 214 141

172 287 234 329 thi
263 285 560 334 observatione,
596 284 794 341 permissa
827 286 913 327 sola
943 285 1006 328 sui
1033 285 1174 335 tutela,
1203 300 1285 327 non
1315 284 1394 327 alio
1420 299 1629 326 armorum

171 367 259 401 usu,
294 357 481 408 apparet.
544 351 601 392 Et
634 350 677 391 hi
712 356 849 392 tamen
880 366 972 393 cum
1008 350 1325 393 Lacedaemoniis
1354 356 1397 392 et
1430 349 1628 392 Romanis

169 417 302 460 foedus
332 416 540 473 pepigere,
573 416 898 471 approbantibus
932 417 1212 459 sacerdotibus
1243 422 1286 458 et
1330 416 1508 473 populo;
1546 415 1828 465 imolasqcc.viii.

169 498 245 539 pro
281 497 421 524 eorum
454 481 583 523 salute
611 496 728 523 sacra
758 482 918 537 publice
948 483 1145 524 fecerunt.
1219 483 1322 533 Quae
1355 496 1452 524 vero
1484 486 1628 524 contra
1644 464 1730 486 “m

169 548 426 595 adferuntur,
449 561 591 588 causas
615 547 770 588 habent
792 547 1028 603 peculiares.

270 612 297 657 7
343 613 451 654 Nam
473 612 508 654 si
536 627 637 668 quos
660 627 780 670 reges
808 619 881 655 aut
910 614 1092 670 populos,
1126 619 1246 656 extra
1277 629 1346 656 eos
1369 614 1438 670 qui
1461 613 1503 654 in
1533 614 1627 671 lege

170 677 354 734 expressi
387 684 518 727 erant,
555 693 700 720 exosos
734 678 810 720 sibi
842 685 883 721 et
917 679 1138 722 infortunio
1174 680 1388 721 damnatos
1415 694 1490 736 per
1524 680 1625 721 Pro-

169 746 316 801 phetas
338 744 452 785 Deus
479 743 754 801 significasset,
780 758 921 786 eorum
944 745 1113 787 tutelam
1137 745 1342 799 suscipere
1366 751 1438 787 aut
1462 759 1552 786 cum
1576 744 1626 785 iis

169 825 286 852 arma
306 809 460 852 sociare
491 810 602 851 haud
623 809 746 852 dubie
776 810 889 852 nefas
913 816 1017 852 erat.
1069 811 1164 851 Huc
1190 810 1291 851 illud
1316 810 1494 866 pertinet
1524 811 1625 851 Pro·
1642 819 1834 872 {paral-xix-

169 876 307 933 phetae
345 876 423 917 ⁰ad
457 875 734 931 Josaphatum
769 876 821 917 de
857 890 957 932 rege
999 876 1192 917 Israelis:
1250 877 1310 917 Te
1347 890 1397 918 ne
1435 876 1626 930 improbo
1659 867 1666 874 ’

169 943 394 997 opitulari,
430 950 469 983 ct
500 956 566 984 eos
595 943 774 996 diliqcre
804 943 907 996 pqui
929 943 1071 983 Deum
1105 941 1320 983 oderunt?
1386 943 1447 983 At
1470 943 1520 983 ob
1550 943 1627 982 hoc

168 1010 311 1063 ipsum
345 1009 508 1050 exarsit
538 1009 585 1048 in
620 1015 658 1048 te
688 1008 775 1048 Dei
805 1008 891 1048 ira.
960 1007 1068 1048 Nam
1104 1006 1305 1048 infelicem
1336 1006 1432 1048 belli
1466 1006 1624 1048 exitum

167 1073 351 1115 Micheas
370 1073 572 1128 propheta
588 1071 676 1127 jam
707 1076 804 1113 ante
827 1071 1091 1127 praedixerat.
1139 1073 1196 1114 Et
1218 1072 1388 1114 alterius
1411 1072 1626 1129 prophetae

167 1140 222 1181 ad
256 1139 490 1180 Amasiam:
521 1139 591 1179 Ne
625 1139 685 1179 ito
724 1145 858 1179 tecum
892 1139 1107 1180 exercitus
1141 1139 1478 1180 Israelitarum:
1524 1153 1627 1179 nam
1644 1150 1824 1178 Ibid.xxv-7-

167 1220 250 1247 ozon
293 1206 415 1246 adest
449 1205 568 1245 Deus
608 1203 838 1252 Israelitis,
884 1204 967 1245 ulli
1012 1205 1192 1259 inquam
1225 1205 1625 1259 Epliraimitarum.

167 1271 259 1312 Hoc
282 1285 381 1312 vero
414 1283 495 1310 non
519 1267 660 1310 venire
683 1282 736 1310 ex
763 1274 912 1310 natura
935 1269 1098 1319 federis,
1124 1269 1196 1311 sed
1220 1284 1272 1311 ex
1296 1284 1483 1325 personae
1506 1284 1627 1325 pecu-

166 1336 259 1378 liari
293 1335 471 1391 quadam
498 1333 710 1389 qualitate,
741 1334 808 1375 vel
835 1334 929 1376 hinc
963 1334 1177 1384 evincitur,
1206 1335 1316 1391 quod
1350 1335 1536 1392 graviter
1566 1335 1626 1376 in-

167 1401 349 1457 crepitus
384 1405 446 1443 est
474 1400 741 1455 Josaphatus,
773 1399 896 1441 etiam
929 1400 1028 1442 diris
1059 1400 1223 1450 additis,
1252 1415 1300 1442 eo
1331 1400 1494 1442 nomine
1517 1400 1626 1456 quod
1644 1411 1824 1439 1bi‹1.xx.37-

166 1466 396 1509 commercii
419 1480 540 1507 causa
570 1465 805 1507 societatem
835 1465 990 1508 iniisset
1013 1481 1104 1507 cum
1135 1466 1315 1508 Ochozia
1337 1481 1438 1524 rege
1460 1466 1621 1508 Israeli-

165 1538 317 1582 tarum,
348 1531 518 1574 similem
543 1530 593 1580 ei,
619 1545 742 1585 quam
766 1530 906 1572 David
939 1537 982 1573 et
1013 1531 1175 1573 Solomo
1210 1531 1387 1573 inierant
1424 1547 1515 1573 cum
1548 1531 1624 1573 Hi-

165 1613 294 1649 ramo,
328 1613 430 1653 quos
464 1611 512 1638 eo
544 1596 705 1637 nomine
742 1595 895 1651 partim
932 1610 1012 1638 non
1041 1597 1324 1652 reprehensos,
1355 1597 1506 1653 partim
1539 1597 1625 1639 lau-

167 1664 286 1705 datos
317 1663 504 1705 diximus.
577 1662 684 1702 Nam
721 1661 830 1716 quod
864 1661 1031 1703 additur
1066 1662 1285 1704 Ochoziam
1321 1662 1445 1718 impie
1481 1662 1626 1720 egisse,

166 1729 291 1771 debet
314 1729 367 1771 ad
392 1734 520 1770 totam
545 1726 632 1782 ejus
665 1726 792 1768 vitam
817 1726 975 1776 referri,
1011 1728 1062 1769 ob
1087 1742 1209 1783 quam
1240 1727 1355 1769 Deus
1389 1727 1467 1784 ipsi
1502 1728 1628 1770 omni-

167 1795 323 1850 busque
343 1794 430 1849 ejus
464 1792 676 1834 conatibus
709 1791 891 1833 infensus
920 1791 1070 1835 fuerit:
1106 1793 1309 1848 quomodo
1338 1793 1426 1835 haec
1457 1792 1629 1835 historia

166 1860 395 1916 explicatur
431 1858 474 1900 in
513 1857 631 1907 libro,
670 1856 735 1899 cui
768 1871 918 1899 nomen
954 1858 1274 1901 constitutiones
1304 1858 1526 1902 Clementis
1551 1859 1626 1903 VI.

165 1925 300 1982 capite
323 1925 432 1968 xviii.

165 2044 319 2074 Alfonsus
354 2043 479 2079 Castus,
521 2041 666 2071 Sanctius
702 2041 859 2077 Castellae‚

164 2093 382 2123 Ferdinandus
408 2092 596 2131 cognomine
620 2091 771 2120 Sanctus:
798 2091 861 2120 Pe·

930 2054 994 2072 που
1009 2043 1113 2081 α’σεβῆ
1129 2043 1182 2073 καὶ
1195 2044 1351 2081 πονηρόν.
1374 2045 1549 2074 accusabat
1562 2054 1629 2074 eum

931 2093 1088 2122 societatis
1108 2094 1190 2122 initae
1207 2102 1275 2122 cum
1288 2093 1417 2122 Achabo
1439 2094 1558 2122 homine
1573 2094 1630 2123 im-

164 2146 233 2172 trus
253 2143 404 2181 Legionis
428 2151 483 2171 rex
497 2152 505 2170 2
534 2140 688 2170 Alfonsus
714 2139 861 2169 Castellae

163 2201 219 2222 rex
241 2191 523 2230 prudentissimus:
545 2199 616 2219 eum
638 2189 780 2218 Tartaris
795 2189 863 2217 Ro-

165 2241 300 2279 delphus
309 2240 575 2279 Habspurgensis.
603 2239 666 2267 Adi
677 2237 861 2267 ,Iohannem

165 2292 204 2320 de
227 2291 422 2329 Carthagina
444 2291 524 2319 libro
548 2298 599 2319 111.
625 2289 662 2317 de
676 2289 757 2318 Jure
776 2288 862 2317 Belli

165 2340 302 2369 Romani
315 2341 481 2378 Pontificis
495 2349 522 2369 c.
540 2341 567 2368 1.
589 2338 694 2368 Julius
709 2338 753 2366 IL
775 2338 861 2366 Pon-

165 2389 243 2417 tifex
259 2389 370 2417 Turcis
384 2398 469 2418 usus.

222 2442 236 2457 ⁰
258 2437 314 2465 Ad
326 2437 548 2476 Josaphatnm]
570 2438 749 2478 Josephus:
764 2439 863 2474 η’τιᾱ-

165 2499 205 2516 το
216 2485 278 2522 τήν
289 2487 372 2523 πρὸς
383 2486 524 2525 Ἄχαβον
535 2490 724 2527 συμμαχίας
739 2488 861 2526 ἅνθρω-

927 2142 983 2179 pio
1008 2151 1046 2170 ac
1066 2142 1226 2170 scelerato.
1269 2141 1392 2180 (Antiq.
1416 2142 1499 2172 Jud.
1524 2151 1573 2171 IX.
1598 2145 1627 2171 ].

933 2189 950 2228 ἓ
969 2192 995 2219 1.
1039 2190 1127 2219 Edit.
1144 2190 1270 2227 Huds.)

994 2246 1009 2266 ῐ)
1027 2240 1090 2277 Qui
1105 2240 1208 2269 Deum
1221 2239 1363 2277 oderunt]
1381 2239 1552 2269 Gratianus
1564 2241 1628 2271 Va-

931 2290 1008 2319 lenti
1033 2293 1146 2327 patruo
1168 2293 1279 2318 contra
1301 2290 1432 2327 Scythas
1455 2299 1547 2328 opem
1571 2300 1628 2329 pe-

931 2339 1011 2368 tenti
1033 2338 1168 2376 scripsit,
1191 2337 1231 2366 w‘s·
1251 2339 1286 2366 οὑ
1307 2338 1357 2366 δεῖ
1371 2339 1422 2376 τῷ
1441 2338 1548 2377 ἐχθρῷ
1567 2341 1627 2367 τοῦ

931 2389 1014 2417 Θεοῦ
1037 2390 1234 2425 συμμαχεῖν·
1253 2387 1314 2425 fas
1333 2397 1392 2416 non
1411 2397 1474 2417 esse
1493 2390 1628 2418 socialia

930 2447 1022 2467 arma
1033 2437 1166 2474 jnnyere
1186 2445 1253 2464 cum
1266 2446 1300 2465 eo
1315 2437 1370 2474 qui
1384 2438 1449 2466 Dei
1461 2438 1502 2467 sit
1519 2439 1625 2468 hostis.

932 2488 1071 2516 Zonaras
1086 2486 1173 2524 (Lib.
1191 2493 1272 2514 xl11.
1289 2494 1359 2523 cap.
1374 2486 1443 2523 17.)

242 2652 262 2686 7
301 2649 341 2684 If
366 2660 439 2695 any
463 2649 569 2695 kings
607 2661 649 2685 or
678 2652 829 2697 peoples
854 2662 950 2686 were
975 2651 1207 2686 condemned
1238 2654 1277 2685 to
1318 2649 1547 2684 destruction
1576 2648 1627 2694 by

164 2707 260 2747 God,
281 2706 470 2740 doubtless
490 2707 519 2740 it
540 2718 611 2741 was
633 2707 722 2741 then
746 2708 922 2742 unlawful
942 2711 981 2742 to
1007 2711 1153 2752 protect
1173 2707 1276 2741 them
1306 2717 1348 2740 οι·
1377 2709 1416 2739 to
1437 2705 1517 2749 join
1537 2705 1626 2739 with

163 2763 278 2798 them.
343 2763 392 2796 So
422 2767 442 2796 2
465 2762 601 2797 Chron.
620 2764 689 2797 xix.
720 2768 752 2805 2,
783 2763 881 2798 Jchu
906 2763 970 2798 the
995 2762 1155 2809 prophet
1180 2774 1262 2808 says
1287 2766 1326 2797 to
1356 2761 1625 2807 Jchoshaphat,

164 2820 347 2855 Shouldcst
369 2820 451 2853 thou
471 2820 547 2864 help
569 2821 622 2855 the
646 2821 813 2865 unyodly,
831 2823 886 2861 δε.
903 2820 921 2853 ?
957 2821 1006 2854 So
1029 2824 1049 2853 2
1071 2819 1207 2853 Chron.
1228 2831 1307 2854 xxv.
1333 2823 1353 2855 7
1374 2823 1413 2853 to
1434 2817 1621 2853 Amaziah.

160 2877 238 2911 But
262 2876 335 2911 this
368 2887 440 2910 was
466 2887 514 2910 on
538 2881 696 2911 account
722 2877 765 2911 of
788 2876 958 2922 personal
985 2876 1287 2917 considerations,
1310 2879 1377 2911 not
1401 2875 1466 2910 the
1490 2879 1624 2910 nature

161 2933 204 2967 of
220 2932 284 2968 the
304 2937 438 2980 treaty,
455 2944 494 2968 as
515 2944 673 2980 appears
695 2934 744 2980 by
764 2934 828 2969 the
846 2934 1151 2969 circumstances:
1179 2932 1313 2977 [thch
1333 2930 1426 2975 see.]
