2018 3204
190 121 281 184 on».
302 147 390 190 XL]
727 148 794 182 DE
825 148 1106 183 PROMISSIS.
1593 144 1648 187 37

190 257 251 297 ad
286 257 335 296 id
358 255 661 310 praestandum
698 270 773 297 uos
811 257 923 312 quod
959 256 1099 297 alicui
1129 258 1414 311 promisimus
1446 259 1647 313 obliyat?

187 321 247 362 ait
272 321 426 363 Seneca
449 320 501 361 de
524 319 616 376 lege
649 320 828 363 humana
861 327 903 362 et
926 315 1145 377 fpromisso
1177 336 1260 363 non
1291 322 1513 365 solenniter
1535 323 1644 366 facto
1662 331 1844 385 fsgfssmes.

186 385 367 441 loquens.

288 454 315 493 3
362 452 538 494 Possunt
577 457 713 495 autem
751 452 995 495 naturaliter
1031 453 1246 496 deliberati
1283 454 1407 496 animi
1440 455 1521 497 alia
1556 470 1643 498 esse

185 516 305 573 signa
328 523 483 572 praeter
515 517 832 573 stipulationem,
857 525 930 561 aut
963 519 996 561 si
1025 519 1123 575 quid
1151 520 1189 561 ei
1212 519 1342 562 simile
1365 521 1418 562 ad
1441 521 1642 563 actionem

185 582 428 639 pariendam
465 583 532 624 lex
565 584 692 625 civilis
724 584 914 640 postulat.
987 586 1107 635 Quod
1141 592 1278 628 autem
1313 586 1360 628 fit
1391 586 1526 628 animo
1559 602 1641 629 non

184 648 425 698 deliberato,
463 648 505 690 id
541 664 614 691 nos
655 665 816 705 quoque
856 650 910 691 ad
947 650 1029 692 vim
1067 651 1275 708 obligandi
1314 667 1396 693 non
1438 652 1641 694 credimus

182 713 416 770 pertinere3
454 715 564 770 quod
594 721 636 757 et
669 716 977 771 Theophrastus
1009 716 1113 758 libro
1139 717 1190 758 de
1214 717 1373 774 legibus
1396 724 1638 761 notaverat:
1657 722 1825 779 ssessssffiffib·

181 779 262 821 imo
286 786 328 822 et
351 781 459 835 quod
496 781 721 823 deliberato
751 781 809 830 fit,
835 781 907 822 sed
938 796 1020 823 non
1044 796 1092 823 eo
1116 782 1250 823 animo
1274 788 1320 824 ut
1337 782 1405 837 jus
1429 783 1640 838 proprium

182 846 380 888 concedat
414 846 546 897 alteri,
580 862 632 889 ex
664 862 711 888 eo
746 861 942 903 negamus
967 846 1036 902 jus
1072 847 1263 904 exigendi
1298 848 1486 903 cuiquam
1521 854 1638 890 natu-

181 911 326 953 raliter
360 912 462 962 dari,
502 927 735 968 quanquam
771 927 853 953 non
891 912 1018 954 solam
1053 912 1148 954 hinc
1182 914 1453 963 honestatem,
1489 915 1563 955 sed
1595 920 1638 957 et

180 977 465 1020 necessitatem
505 979 711 1033 quandam
752 978 948 1019 moralem
989 978 1100 1020 nasci
1140 979 1411 1036 agnoscimus,
1481 978 1548 1021 De
1589 995 1637 1022 eo

180 1049 317 1085 autem
341 1043 450 1098 quod
470 1058 521 1085 ex
551 1043 747 1086 Cicerone
766 1043 984 1085 adducitur
1002 1059 1171 1101 agemus
1201 1044 1322 1094 infra,
1347 1045 1417 1087 ubi
1435 1045 1487 1087 de
1510 1045 1637 1087 inter-

177 1108 410 1164 pretatione
434 1115 647 1165 pactorum
676 1124 808 1151 sermo
843 1109 934 1151 erit.
1007 1110 1090 1152 Sed
1121 1125 1215 1167 quae
1246 1111 1301 1152 ad
1322 1111 1518 1168 perfectae
1541 1126 1637 1168 pro-

176 1173 377 1216 missionis
401 1174 482 1216 vim
506 1175 794 1231 Srequirantur
819 1175 1042 1217 videamus.

277 1241 328 1283 V.
400 1242 423 1282 1
473 1241 656 1283 Primum
687 1240 912 1296 requiritur
944 1256 1040 1283 usus
1063 1241 1260 1285 rationis:
1295 1242 1387 1285 ideo
1412 1248 1455 1285 et
1477 1242 1633 1292 furiosi,

175 1312 219 1348 et
241 1306 426 1356 amentis,
452 1313 494 1349 et
517 1306 685 1349 infantis
716 1307 828 1348 nulla
859 1313 921 1349 est
945 1308 1171 1364 promissio.
1240 1309 1364 1350 Aliud
1388 1309 1634 1351 censendum

175 1372 227 1414 de
251 1372 487 1422 minoribus,
514 1373 556 1414 hi
592 1372 699 1414 enim
731 1372 808 1415 etsi
836 1388 918 1414 non
949 1373 1047 1416 satis
1077 1374 1238 1415 firmum
1256 1374 1454 1430 judicium
1479 1375 1634 1416 habere

174 1438 412 1492 credantur,
439 1445 486 1481 ut
517 1444 559 1480 et
592 1439 784 1487 foeminae,
814 1438 856 1480 id
889 1445 1027 1480 tamen
1061 1454 1136 1481 nec
1169 1446 1414 1495 perpetuum
1447 1446 1522 1489 est,
1559 1455 1634 1481 nec

172 1517 247 1559 per
270 1519 313 1546 se
338 1504 481 1546 sufficit
505 1505 558 1546 ad
581 1510 696 1546 actus
718 1504 799 1546 vim
825 1504 1065 1546 elidendam.

273 1572 299 1611 2
349 1570 524 1620 Quando
562 1575 702 1611 autem
739 1583 843 1625 puer
877 1569 1036 1611 ratione
1072 1570 1133 1612 uti
1169 1569 1348 1626 incipiat,
1378 1585 1462 1613 non
1496 1577 1634 1628 potest

171 1685 250 1713 inter
269 1684 349 1713 cives
364 1683 522 1713 Romanos
539 1684 620 1713 actio
637 1694 697 1713 non
716 1684 865 1713 nascitur.
934 1684 1072 1720 sponsio,
1109 1685 1277 1713 verborum
1312 1684 1484 1714 solennitas
1518 1686 1633 1715 dieitur

170 1733 188 1771 ᾖ
206 1736 233 1762 1.
933 1734 1046 1769 Paulo,
1071 1734 1140 1763 Lib.
1167 1743 1197 1764 V.
1240 1734 1480 1771 Sententiarum,
1501 1734 1582 1773 (Tit.
1602 1738 1630 1765 7.

230 1782 240 1802 s
257 1782 308 1811 Dc
322 1782 479 1820 promisso
503 1792 563 1811 non
582 1782 757 1811 solemniter
771 1782 865 1820 facto
936 1785 953 1823 ξ
979 1784 1021 1822 l.)
1050 1788 1082 1813 et
1104 1785 1180 1814 Caio
1202 1785 1295 1814 titulo
1319 1786 1357 1814 de
1385 1786 1631 1824 obligationibus

168 1832 309 1870 loquens]
338 1832 375 1860 Id
391 1835 448 1868 est,
470 1841 532 1860 non
548 1841 675 1869 sponso.
728 1832 778 1860 Sic
797 1832 864 1869 epi·
933 1844 1003 1873 quae
1019 1845 1056 1863 ex
1072 1845 1227 1864 consensu
1243 1835 1334 1866 fiunt.
1358 1836 1411 1875 (11.
1427 1837 1457 1867 9.
1471 1837 1521 1875 4.)

169 1882 249 1910 stola
262 1891 337 1910 xux.
359 1882 542 1919 distinguit:
565 1882 642 1911 Jam
658 1891 718 1910 non
735 1882 865 1919 promit·
991 1882 1003 1899 ³
1025 1882 1143 1911 Confer
1154 1883 1376 1913 Pur-esnone.
1392 1884 1444 1913 De
1455 1884 1536 1914 Jure
1550 1884 1628 1914 Nat.

166 1935 231 1961 tunt
252 1932 289 1961 cle
309 1936 346 1969 te,
368 1931 423 1960 sed
439 1931 598 1970 spondent.
641 1932 817 1970 Stipulatus
833 1935 865 1960 et
931 1935 959 1961 et
976 1931 1129 1969 Gentium,
1144 1932 1214 1961 Lib.
1231 1941 1283 1963 111.
1300 1943 1369 1972 cap.
1384 1935 1423 1964 vi.
1459 1935 1495 1964 J.
1506 1935 1548 1964 B.

243 2100 263 2131 3
303 2095 425 2131 There
457 2108 553 2143 may,
582 2097 763 2140 however,
795 2098 845 2144 by
872 2098 1033 2132 Natural
1057 2099 1155 2139 LaW,
1189 2098 1237 2133 be
1267 2097 1374 2132 other
1403 2098 1502 2143 signs
1538 2097 1582 2132 of
1605 2109 1628 2131 a

165 2152 370 2188 deliberate
398 2165 571 2199 purpose,
596 2155 740 2190 besides
768 2154 832 2190 the
854 2155 1042 2201 formality
1069 2155 1112 2189 of
1134 2155 1355 2200 stipulation,
1377 2165 1419 2188 or
1447 2154 1628 2200 anything

164 2209 239 2244 else
267 2209 386 2244 which
407 2211 471 2245 the
506 2212 598 2246 Civil
619 2212 706 2245 Law
735 2212 899 2258 requires
920 2223 959 2247 as
982 2223 1004 2246 a
1031 2212 1178 2257 ground
1197 2212 1257 2246 for
1277 2222 1326 2245 an
1355 2211 1488 2245 action.
1550 2212 1627 2244 But

163 2266 261 2300 what
285 2267 314 2300 is
336 2267 431 2302 done
452 2273 518 2302 not
539 2268 582 2302 of
597 2269 801 2304 deliberate
820 2270 1016 2310 intention,
1036 2279 1090 2303 we
1111 2269 1187 2303 also
1209 2268 1257 2303 do
1277 2272 1343 2302 not
1363 2267 1451 2302 hold
1473 2271 1511 2301 to
1532 2267 1627 2302 have

162 2322 227 2357 the
246 2323 348 2358 force
371 2324 414 2358 of
436 2324 649 2370 obligation,
680 2337 719 2361 as
741 2326 1017 2371 Theophrastus
1049 2325 1125 2359 also
1146 2325 1219 2359 had
1241 2324 1364 2360 noted.
1427 2323 1510 2358 And
1533 2335 1626 2358 even

162 2390 202 2414 as
230 2383 270 2414 to
296 2379 378 2415 that
403 2380 521 2416 which
547 2383 576 2416 is
605 2382 701 2417 done
729 2383 817 2417 with
838 2383 1042 2417 deliberate
1070 2382 1266 2423 intention,
1291 2382 1359 2416 but
1388 2385 1455 2415 not
1484 2380 1573 2414 with
1604 2391 1627 2414 a

161 2447 322 2482 purpose
339 2437 382 2471 of
398 2438 601 2484 eonceding
621 2450 643 2473 a
659 2451 796 2485 proper
812 2440 912 2485 right
928 2444 967 2474 to
988 2439 1157 2480 another,
1181 2450 1235 2473 we
1258 2439 1354 2483 deny
1373 2436 1454 2471 that
1471 2437 1500 2470 it
1520 2437 1622 2481 gives

161 2497 200 2526 to
221 2503 294 2538 any
314 2504 384 2528 one
412 2505 433 2528 a
456 2495 555 2539 right
583 2496 625 2530 of
648 2497 874 2541 demanding
899 2496 963 2530 the
983 2495 1242 2541 performancc
1264 2496 1312 2540 by
1332 2492 1491 2527 Natural
1512 2493 1622 2528 Law:

161 2548 315 2593 though,
341 2549 380 2582 in
401 2549 473 2584 this
499 2562 593 2593 case,
614 2563 668 2587 we
689 2553 795 2587 allow
822 2553 904 2587 that
931 2557 997 2587 not
1018 2552 1105 2597 only
1126 2563 1148 2585 a
1167 2552 1370 2597 propriety,
1390 2549 1458 2583 but
1479 2559 1571 2584 even
1599 2561 1622 2584 a

160 2605 279 2639 moral
300 2606 481 2651 necessity
501 2607 624 2641 arises.

236 2662 287 2696 As
308 2666 347 2696 to
367 2661 465 2696 what
485 2662 514 2696 is
545 2663 713 2698 adduccd
733 2663 831 2698 from
861 2664 1001 2704 Cicero,
1026 2675 1080 2698 we
1108 2663 1203 2697 shall
1230 2666 1327 2698 treat
1353 2662 1482 2703 below,
1513 2662 1620 2698 when

159 2729 213 2753 we
234 2718 327 2753 have
345 2722 383 2753 to
401 2719 515 2764 speak
536 2719 578 2753 of
592 2719 655 2754 the
676 2720 962 2765 interpretation
981 2720 1023 2754 of
1036 2725 1152 2766 paets.

235 2776 281 2810 V.
344 2776 418 2809 But
447 2776 497 2810 let
519 2787 560 2810 us
581 2787 642 2811 see
662 2776 759 2811 what
780 2778 986 2812 conditions
1013 2788 1076 2812 aro
1105 2776 1277 2823 required
1306 2780 1344 2812 to
1370 2779 1533 2824 produce
1554 2778 1618 2814 the

159 2832 260 2867 force
279 2832 321 2867 of
338 2843 360 2866 a
376 2832 520 2878 perfect
537 2834 708 2879 promise.

237 2893 254 2923 1
294 2890 392 2925 First
418 2889 523 2926 there
547 2891 577 2925 is
595 2891 766 2937 required
785 2891 847 2928 the
864 2903 928 2928 use
954 2892 996 2927 of
1017 2903 1170 2928 reason:
1200 2891 1275 2927 and
1298 2892 1485 2929 therefore
1515 2893 1616 2927 mad-
