2018 3204
230 157 323 193 CAP.
343 153 503 197 XV111.]
648 154 714 187 DE
746 150 1086 187 LEGATIONUM
1115 149 1257 184 JURE.
1608 142 1686 182 201

233 265 375 308 ditum.
446 265 594 306 Restat
624 261 834 305 veniamus
862 260 916 303 ad
947 258 1216 317 obligationes
1243 273 1344 315 quas
1376 257 1507 314 ipsum
1540 271 1616 314 per
1646 273 1690 299 se

227 331 297 387 jus
320 330 420 372 illud
444 330 641 387 gentium,
667 328 776 384 quod
806 325 1077 369 voluntarium
1111 325 1291 374 dicimus,
1324 324 1511 366 induxit:
1544 338 1624 378 quo
1647 324 1690 365 in

233 411 386 454 genere
422 395 691 452 ¹praecipuum
727 400 788 435 est
822 398 945 449 caput
977 391 1028 433 de
1067 391 1162 447 jure
1200 390 1466 447 legationum.
1535 389 1691 430 Passim

234 462 340 504 enim
373 462 545 518 legimus
569 473 686 502 sacra
709 459 973 515 legationum,
998 457 1329 499 asanctimoniam
1358 456 1603 512 legatorum,
1623 455 1691 510 jus

233 527 416 585 gentium
440 527 518 567 illis
542 525 737 573 debitum,
757 524 826 579 jus
857 523 1039 565 divinum
1063 523 1393 577 humanumque:
1424 527 1607 562 sanctum
1631 521 1692 561 in-

234 600 299 635 ter
323 598 468 649 gentes
481 592 549 647 jus
570 590 832 648 legationum,
857 589 1001 631 federa
1023 594 1164 630 saneta
1189 588 1391 644 gentibus,
1409 587 1527 628 fedus
1550 587 1693 627 huma-

233 673 357 700 num:
383 664 523 699 saneta
547 671 720 712 eor-pora
743 656 998 712 legatorum:
1029 653 1199 709 Papinio
1223 655 1458 707 (Thebaid.
1482 667 1524 693 11.
1543 654 1674 706 486):

580 736 757 770 Sanctum
782 735 928 780 populis
958 745 1025 779 per
1050 733 1183 767 saecula,
1212 743 1360 766 nomen.

237 803 379 845 Cicero
399 802 450 844 de
467 800 728 856 haruspicum
756 798 986 854 responsis:
1025 799 1099 838 Sic
1122 798 1233 838 enim
1264 797 1411 843 sentio,
1434 796 1511 849 jus
1537 797 1693 851 ἱεραῖσ-

234 885 331 911 rum
370 884 465 911 cum
497 869 713 909 hominum
744 866 956 920 praesidio
995 864 1219 911 mmzitmn,
1258 871 1347 903 tum
1378 862 1511 902 etiam
1546 864 1694 904 divino

224 936 326 989 jure
349 950 434 977 esse
457 935 683 976 vallatum.
742 933 888 985 Itaque
911 929 988 970 hoe
1020 927 1172 969 violare
1193 942 1275 969 non
1304 927 1500 982 injustum
1533 934 1695 970 tantum

235 1015 334 1049 esse,
378 996 478 1041 bsed
517 1005 558 1041 et
592 997 759 1053 impium
796 994 973 1037 omnium
1011 993 1274 1043 confessione,
1308 993 1366 1035 ait
1406 991 1620 1050 Philippus
1654 994 1697 1035 in

236 1066 409 1123 epistola
431 1065 484 1107 ad
508 1064 792 1106 Athenienses.

236 1174 375 1203 timonia.
433 1171 531 1210 Apud
573 1170 741 1209 Papinium
788 1169 858 1198 Lib.
895 1177 931 1196 11.

236 1222 354 1261 (Theb.
368 1231 446 1251 vers.
456 1221 529 1259 373)
541 1230 549 1250 ε

448 1271 553 1301 tutique
570 1276 701 1300 regressus

367 1312 475 1343 Legato.

238 1366 497 1405 Chrysostomus:
520 1365 573 1394 καὶ
589 1365 660 1394 οὐδὲ
675 1365 736 1394 τὸν
755 1364 862 1394 κοινὸν
882 1364 934 1393 νό-

236 1428 296 1454 μον
310 1414 507 1453 ᾐδέσθησαν,
529 1414 582 1443 ὅτι
599 1413 615 1443 ὁ
636 1414 829 1451 πρεσβεύων
848 1413 934 1442 οὐδέ-

236 1477 325 1494 ποτε
335 1464 464 1502 πάσχει
480 1476 515 1493 τι
530 1463 639 1493 κακόν·
654 1473 690 1492 ne
705 1472 859 1493 commune
868 1462 935 1500 qui-

237 1508 370 1553 denifas
384 1515 537 1543 hominum
551 1514 676 1543 reveriti
690 1516 768 1548 sunt,
790 1512 873 1550 quod
887 1515 935 1540 ίιι-

238 1568 284 1593 tos
295 1568 425 1602 proestat
439 1564 556 1602 Ζαραῖος
574 1564 613 1592 αἶ)
628 1563 710 1592 omni
729 1562 820 1591 malo.
863 1563 936 1591 Ser-

239 1614 306 1642 vius
332 1614 371 1642 ad
396 1622 448 1643 xi.
471 1613 625 1643 AEneidos
655 1612 751 1651 (νει-5.
773 1610 866 1650 101);
896 1611 936 1640 ab

239 1664 320 1692 omni
344 1663 462 1699 injuria
489 1663 575 1692 lectis
593 1663 668 1699 jure
694 1662 838 1700 qeniizlm.
888 1661 936 1690 Ne

241 1713 347 1741 omnia
361 1713 431 1741 loca
447 1716 582 1748 enotem,
597 1712 676 1740 adde
691 1711 811 1740 Livium
831 1710 897 1739 Lib.
913 1719 936 1738 1.

240 1762 277 1791 de
317 1762 536 1797 Laurentibus,
583 1761 669 1798 (cap.
703 1759 756 1797 14)
800 1760 936 1788 Dionem

242 1812 266 1841 C
272 1813 501 1849 hrysostomum
518 1811 554 1840 de
568 1811 650 1848 Leqe
663 1813 690 1839 et
703 1809 937 1845 Consuetudine,

241 1861 398 1890 Velleium
436 1860 638 1889 Paterculum
673 1859 763 1888 initio
805 1859 873 1888 Lib.
899 1867 936 1887 11.

241 1910 449 1939 Menandrum
467 1910 696 1943 Protectorem,
713 1908 807 1947 (Exc.
824 1908 936 1945 Legat.

241 1960 294 1998 19)
322 1959 498 1998 Epistolam
521 1958 634 1988 Felicis
658 1959 697 1987 ad
721 1959 879 1987 Zenonem
905 1958 937 1986 in

239 2009 414 2048 appendice
442 2009 556 2038 codicis
584 2008 794 2037 Theodosiani
821 2008 894 2036 data
920 2017 939 2035 a

242 2059 420 2089 Sirmundo.
433 2059 555 2088 Totilas
564 2058 648 2096 apud
660 2058 848 2095 Procopium
862 2056 940 2086 Got-

241 2110 392 2140 thz'eorum
412 2118 464 2139 111.
499 2110 585 2138 πᾶσι
606 2108 676 2146 μὲν,
700 2108 740 2137 ὠς
761 2107 817 2136 ε’πὶ
840 2107 940 2136 πλεῖ-

242 2172 325 2190 στον
340 2160 456 2196 εἰπεῖν,
480 2159 575 2196 νόμος
588 2157 778 2196 βαρβάροις,
799 2157 841 2186 τὸ
858 2159 939 2195 χρῆ-

241 2222 286 2248 μα
308 2211 375 2239 τῶν
395 2207 568 2247 πρεσβέων
591 2207 710 2244 σέβειν
739 2207 886 2242 omnibus,
908 2209 940 2234 nt

242 2260 411 2298 qeneralz'm
427 2259 550 2296 loquar,
572 2257 719 2286 barbaris
741 2266 805 2284 mos
822 2256 941 2294 leqatos

243 2309 397 2338 venerari.
427 2309 525 2346 (Cap.
539 2307 607 2344 16.)
643 2307 732 2335 Idem
747 2306 785 2335 de
800 2305 942 2333 barbaris

244 2358 323 2386 dixit
346 2356 637 2394 Scafnaburgensis.
679 2355 846 2384 Aimonius
874 2355 941 2392 regi

247 2407 416 2437 Clodovaeo
435 2406 501 2435 haec
521 2406 605 2434 dicta
619 2405 748 2434 tribuit:
771 2405 823 2434 Ad
843 2408 945 2433 extre-

245 2467 323 2486 mum
335 2466 396 2494 pro
411 2456 525 2484 divinis
539 2455 630 2484 simul
646 2455 848 2492 humanisque
863 2454 941 2491 leyz'-

246 2507 310 2542 bus,
331 2515 400 2544 quae
418 2505 606 2541 injuriarum
626 2505 770 2533 immunes
791 2505 943 2540 sanciunt,

1000 1166 1107 1195 debere
1121 1175 1184 1196 esse
1198 1175 1248 1195 eos
1261 1167 1316 1205 qui
1334 1167 1519 1197 mediatores
1540 1166 1698 1196 hostilium.

1001 1216 1176 1255 efficiuntur
1191 1226 1358 1246 armorum.
1399 1217 1486 1246 Inter
1501 1226 1593 1245 arma
1614 1226 1699 1244 nam-

1001 1276 1059 1304 que
1068 1266 1137 1295 sola
1147 1266 1260 1304 leyatio
1270 1267 1365 1304 pacis
1373 1270 1532 1305 sequestra
1542 1270 1594 1295 est.
1627 1265 1699 1294 Ea:-

1002 1315 1048 1343 uit
1062 1315 1176 1344 hostem
1189 1316 1243 1353 qm·
1258 1316 1579 1354 leqationefunyitur.
1617 1315 1699 1343 Vide

1003 1368 1034 1394 et
1050 1365 1242 1394 Radevicum
1258 1366 1290 1393 in
1300 1366 1484 1403 appendice.
1509 1365 1560 1393 De
1568 1365 1700 1393 Ροῖοηὶε

1002 1414 1073 1442 vide
1096 1414 1282 1443 Cromerum
1311 1415 1392 1442 libro
1410 1423 1472 1442 xx.
1505 1413 1557 1443 De
1584 1414 1700 1443 Turcis

1003 1464 1227 1493 Leunclavium
1249 1464 1330 1492 libro
1352 1472 1428 1493 viu.
1453 1466 1484 1492 et
1507 1464 1588 1492 libro
1611 1472 1702 1494 xvu.

1003 1514 1054 1542 De
1074 1513 1204 1542 BIczuris
1227 1513 1401 1542 Marianam
1424 1513 1504 1541 libro
1519 1521 1584 1542 ΧΠ.
1611 1515 1699 1543 c.14.

1005 1563 1116 1602 [Apud
1138 1563 1314 1592 Varronem
1351 1572 1413 1591 non
1445 1566 1572 1592 exstant
1596 1564 1701 1599 verba,

1005 1623 1074 1652 quae
1102 1616 1263 1651 tamquam
1292 1622 1330 1641 ex
1357 1613 1413 1641 illo
1440 1613 1543 1642 adfert
1568 1615 1702 1649 Auctor,

1004 1662 1086 1690 circa
1117 1661 1242 1690 initium
1274 1661 1367 1689 Notae
1398 1660 1499 1689 istius.
1549 1659 1701 1689 Errorem

1004 1711 1108 1740 hausit
1122 1720 1138 1740 e
1153 1714 1229 1739 nota
1246 1711 1376 1748 Dionys.
1399 1710 1586 1739 Gothofredi
1610 1711 1642 1739 in
1666 1712 1703 1741 L.

1005 1762 1040 1789 17
1061 1760 1103 1788 D.
1133 1759 1184 1788 De
1198 1759 1362 1797 Leqation.
1385 1758 1438 1786 ubi
1461 1759 1510 1787 hie
1528 1768 1586 1796 pro
1602 1759 1704 1788 verbis

1004 1809 1157 1838 Varronis
1184 1809 1304 1845 laudat,
1340 1809 1424 1846 quod
1454 1807 1601 1846 Cujacius
1627 1809 1705 1838 dicit

1008 1859 1133 1887 Observ.
1149 1867 1213 1886 ΧΠ.
1231 1859 1259 1887 5.
1276 1862 1349 1895 post
1362 1858 1535 1887 indicatum
1552 1858 1705 1887 Varronis

1004 1908 1219 1946 fragmentum
1241 1917 1257 1936 e
1271 1907 1341 1937 Lib.
1360 1916 1412 1936 111.
1436 1908 1486 1937 De
1505 1907 1578 1937 Vita
1593 1907 1704 1946 populi

1005 1958 1095 1986 Rom.
1120 1957 1204 1995 quod
1223 1957 1358 1985 servavit
1380 1957 1518 1986 Nemus
1540 1958 1705 1985 MARCEL-

1006 2017 1077 2044 Lus,
1093 2017 1125 2045 p.
1141 2008 1210 2037 529.
1235 2007 1473 2036 Edit.Mercer.
1512 2007 1611 2044 Apud
1626 2007 1704 2036 Vel-

1005 2059 1101 2087 leium
1116 2057 1319 2086 Paterculum
1336 2057 1442 2093 etiam,
1461 2057 1531 2085 Lib.
1545 2066 1581 2086 11.
1597 2067 1665 2094 cap.
1676 2059 1705 2087 2.

1006 2108 1105 2143 initio,
1121 2107 1197 2135 nihil
1214 2110 1261 2135 est
1271 2107 1356 2144 quod
1371 2107 1431 2135 huc
1448 2106 1562 2142 faciat;
1576 2109 1607 2135 et
1619 2107 1706 2135 Auc-

1007 2157 1129 2194 toripse
1141 2156 1451 2193 loeumillum,juxta
1458 2165 1562 2184 rerum
1570 2165 1707 2192 sensum,

1007 2216 1103 2245 supra
1116 2206 1243 2241 adtulit,
1265 2215 1332 2244 cap.
1350 2215 1401 2234 xV.
1417 2205 1434 2243 ξ
1452 2206 1501 2235 16,
1517 2215 1602 2234 num.
1622 2207 1650 2234 2.
1674 2206 1706 2234 in

1007 2256 1078 2284 fine.
1110 2256 1213 2284 Locus
1228 2255 1388 2284 Ciceronis
1401 2265 1462 2283 non
1474 2258 1569 2283 estex
1581 2255 1707 2284 Verrin.

1009 2314 1062 2335 111.
1078 2305 1132 2333 sed
1148 2314 1164 2333 e
1177 2305 1246 2333 Lib.
1264 2313 1287 2333 ῐ.
1303 2304 1334 2332 in
1351 2305 1442 2333 Verr.
1462 2314 1486 2333 c.
1498 2306 1546 2333 33.
1563 2307 1595 2332 et
1607 2303 1709 2341 prima

1009 2355 1102 2383 etiam
1129 2355 1195 2392 ejus
1219 2355 1314 2383 verba
1338 2354 1440 2391 petita
1462 2358 1535 2382 sunt
1554 2363 1593 2382 ex
1617 2353 1708 2382 Orat.

1009 2404 1060 2433 De
1075 2404 1247 2442 IIaruspz'c.
1265 2404 1415 2441 Respons.
1432 2413 1499 2441 cap.
1512 2403 1558 2433 16.
1601 2403 1637 2431 J.
1649 2402 1708 2440 B.]

1070 2454 1082 2474 b
1106 2453 1209 2483 Sedet
1226 2452 1369 2491 impium]
1385 2453 1507 2491 ’Ἑρ-γον
1521 2450 1650 2489 ἀσεβὲς,
1665 2452 1710 2481 ait

1011 2504 1201 2533 Plutarchus
1232 2503 1264 2532 in
1302 2503 1374 2532 Vita
1403 2503 1449 2531 AE
1452 2503 1541 2538 milii,
1581 2511 1711 2530 narrans

247 2683 301 2706 we
323 2671 393 2706 call
419 2670 483 2705 the
510 2670 711 2704 Instituted
739 2671 824 2703 Law
847 2670 891 2703 of
917 2670 1074 2704 Nations
1104 2669 1171 2703 has
1200 2669 1242 2703 of
1273 2669 1376 2704 itself
1396 2669 1637 2704 introduced:
1671 2670 1710 2704 in

248 2728 367 2762 which
394 2728 496 2767 class,
524 2727 587 2761 the
614 2727 796 2772 principal
827 2726 924 2760 head
957 2727 986 2760 is
1014 2726 1078 2760 the
1101 2725 1217 2771 Right
1246 2726 1288 2760 of
1315 2726 1508 2771 Legation.
1556 2727 1630 2760 For
1656 2738 1710 2761 wo

249 2784 482 2830 everywhere
504 2784 590 2818 read
624 2783 666 2817 of
690 2783 754 2817 the
786 2794 984 2817 reverence
1018 2783 1074 2817 sor
1094 2783 1314 2823 Embassies‚
1344 2782 1408 2817 the
1430 2783 1644 2817 sacredness
1672 2783 1716 2817 of

247 2841 534 2881 Ambassadors3
565 2840 629 2875 the
654 2840 786 2885 Rights
812 2839 854 2874 of
874 2840 1034 2874 Nations
1055 2839 1190 2884 lodged
1213 2840 1249 2873 in
1274 2839 1377 2874 them
1402 2839 1451 2886 by
1475 2840 1610 2874 Divino
1637 2840 1712 2874 and

248 2899 398 2933 IIuman
419 2899 529 2939 Law3
560 2897 607 2931 all
630 2896 748 2931 which
769 2896 904 2942 belong
927 2899 964 2932 to
994 2896 1099 2931 those
1121 2896 1318 2931 Instituted
1341 2896 1466 2938 Laws3
1495 2896 1582 2931 with
1604 2896 1713 2931 other

1712 806 1775 838 Cap.
1791 806 1828 830 16.

1716 1064 1913 1096 Ap.Demosth.

1715 1103 1741 1127 p.
1755 1097 1785 1120 62
1794 1102 1822 1120 Δ.
