2018 3204
176 136 448 181 CARXXIV]
505 139 676 174 JUSTIS
708 137 884 174 CAUSIS
917 138 1255 174 SUSCIPIENDO
1287 140 1462 175 BELLO.
1548 134 1631 178 417

174 248 307 288 donat
329 249 415 289 sibi
437 249 657 290 detrahit:
692 249 759 290 ita
783 249 1016 291 clementem
1039 250 1193 290 vocabo
1216 263 1299 290 uon
1322 251 1367 289 in
1396 250 1536 291 alieno
1559 252 1631 292 clo-

176 313 261 354 lore
279 314 478 367 fizcilem,
508 316 582 355 secl
605 329 708 367 eum,
740 316 933 369 quicum
965 315 1055 356 suis
1085 315 1273 355 stimulis
1305 315 1516 368 aqitatur,
1547 330 1630 357 ozon

165 379 373 434 prosilit:
397 381 470 434 qui
492 381 708 434 intelliyit‚
731 381 878 434 mayni
901 381 1040 421 animi
1060 394 1155 428 esse,
1181 380 1369 433 injurias
1392 381 1439 421 in
1462 395 1630 423 summa

164 446 363 498 potentia
378 447 494 499 pati,
520 440 615 487 fuec
638 447 868 500 quicquam
890 460 975 487 esse
993 446 1223 499 9lmiosius
1238 446 1439 500 principe
1457 447 1629 501 impune

175 510 282 551 loeso.
355 509 652 560 Quintilianus:
687 511 959 552 suadebimus
975 512 1185 565 principi,
1214 518 1262 551 ut
1288 512 1455 553 laudem
1478 513 1627 554 liuma-
1646 525 1802 552 tuse-mut.

171 576 328 616 nitatis
363 577 513 629 potius
549 591 677 631 quam
712 576 971 630 voluptatem
1005 577 1182 617 ultionis
1222 578 1504 630 concupiscat.
1576 578 1627 619 In
1644 564 1669 581 γ’
1684 558 1721 582 ω’

173 639 218 681 C.
239 640 412 681 Caesaris
432 640 619 682 laudibus
643 640 778 697 posuit
803 640 944 682 Cicero
966 646 1012 682 ut
1035 640 1297 697 praecipuum,
1316 642 1426 696 quod
1448 642 1626 685 oblivisci
1645 655 1819 715 ssfflbpgom

170 704 272 745 nihil
296 705 447 747 soleret
467 706 544 747 nisi
572 706 752 762 injurias.
822 706 939 748 Livia
969 706 1011 747 in
1039 706 1281 748 allocutione
1313 708 1365 748 ad
1395 708 1626 765 Augustum
1733 703 1739 709 ⁶
1769 703 1775 709 ”
1821 703 1827 709 ’

171 770 283 826 apud
306 770 506 813 Dionem:
544 769 643 818 τούς
668 771 890 832 ἄρχοντας
915 769 1149 833 νομίζουσιν
1172 772 1211 816 οἳ
1238 772 1398 816 πολλοὶ
1422 772 1523 818 τούς
1552 772 1627 828 μὲν
1644 788 1754 843 {ffg‘cw‘
1768 796 1794 819 1³-

172 832 227 879 τὸ
260 833 396 880 κοινὸν
420 831 632 881 ἀδικοῦσιν
659 836 873 895 ἐπεξιέναι
903 841 1071 898 χρῆναι,
1103 836 1201 885 τούς
1234 833 1266 880 δ’
1293 833 1374 897 ἰδίᾳ
1399 859 1442 882 τι
1475 840 1532 884 εἷς
1557 837 1628 883 αὖ·
1717 836 1724 843 ’

171 899 271 946 'rotis
296 904 568 954 πλημμελεῖν
597 897 822 950 δοκοῦντας
852 904 1016 964 φέρειν·
1052 906 1119 945 ita
1143 904 1334 959 plerique
1365 906 1626 955 existimant,

168 970 402 1010 rectoribus
427 971 660 1024 punienda,
692 985 784 1025 quoe
808 978 959 1012 contra
992 985 1249 1011 communem
1277 971 1511 1012 utilitatem
1534 986 1628 1024 pec-

169 1042 354 1082 cantur;
379 1049 471 1089 quie
495 1050 590 1077 vero
620 1037 667 1076 in
695 1037 821 1090 ipsos,
854 1036 1186 1077 dissimulanda.
1244 1035 1501 1077 gAntoninus
1527 1036 1626 1078 Phi-

166 1099 371 1154 losophus,
403 1099 445 1140 in
469 1100 652 1142 oratione
676 1101 729 1142 ad
755 1101 977 1143 Senatum:
1009 1116 1093 1142 ozon
1124 1103 1236 1142 em'm
1265 1116 1456 1156 unquam
1477 1103 1627 1157 placet

166 1165 211 1206 in
247 1167 514 1219 Imperatore
544 1168 740 1208 vindicta
772 1168 843 1209 sui
879 1167 1054 1216 doloris,
1092 1182 1184 1222 quoe
1228 1168 1308 1209 etsi
1328 1168 1490 1221 justior
1510 1170 1624 1222 ficit,

167 1232 517 1272 acriorvidetur.
576 1232 816 1273 Ambrosius
846 1232 888 1273 in
920 1231 1091 1288 epistola
1123 1233 1176 1274 ad
1199 1232 1500 1275 Theodosium:
1535 1235 1830 1305 Ari-ffigiswaz'n

166 1297 370 1339 tiocheuis
408 1305 527 1339 tuam
554 1299 728 1340 donasti
761 1299 983 1352 iujuriam.
1038 1299 1095 1340 Et
1124 1298 1166 1339 in
1195 1297 1374 1354 ejusdem
1405 1299 1624 1341 Theodosii
1681 1293 1688 1300 ⁶

163 1361 351 1404 laudibus
384 1363 438 1404 ad
475 1369 660 1405 senatum
699 1363 970 1406 Themistius:
1025 1362 1096 1406 ὅτι
1138 1362 1208 1406 οὐκ
1248 1361 1622 1419 ἀντιβλάπτοντα
1643 1384 1718 1408 orat.
1733 1390 1757 1408 v.
1771 1390 1798 1415 p.

165 1425 254 1487 χρὴ
279 1425 359 1471 τᾶν
382 1425 555 1485 α”γαθόν
578 1426 786 1484 βασιλέα,
809 1426 911 1472 ἁλλ’
936 1424 980 1472 εὖ
1006 1431 1215 1473 ποιοῦντα
1235 1427 1363 1490 μείζω
1388 1431 1620 1491 φαίνεσθαι
1642 1414 1693 1441 137.

164 1495 252 1536 τῶν
272 1489 543 1545 ἠδικηκότων·
567 1496 717 1536 bonum
740 1510 875 1549 reyem
893 1503 1054 1549 oportet
1078 1497 1146 1537 liis
1163 1497 1239 1550 qui
1262 1497 1308 1536 iu
1326 1511 1368 1538 se
1388 1506 1623 1551 peccarunt

162 1561 420 1615 superiorem
443 1575 539 1609 esse,
564 1576 647 1602 ozon
670 1562 859 1602 vicissim
883 1562 1078 1610 nocendo,
1103 1563 1176 1603 sed
1199 1563 1526 1616 benefaciendo.

263 1627 290 1666 3
336 1625 624 1682 Magnanimus
649 1626 718 1681 qui
741 1626 805 1675 sit,
836 1640 928 1667 eum
953 1626 1195 1668 Aristoteles
1219 1634 1346 1683 negat
1370 1642 1457 1669 esse
1479 1629 1622 1681 μνησὶ-
1640 1648 1730 1683 giemo.
1745 1648 1805 1672 Nic.

161 1710 300 1740 κακον,
323 1692 589 1745 ioy'uriarum
613 1707 833 1734 memorem
849 1707 862 1733 .·
886 1692 995 1746 quod
1022 1692 1165 1734 Cicero
1189 1692 1245 1733 sic
1269 1693 1486 1749 exprimit:
1510 1697 1624 1737 uiltil
1640 1680 1838 1740 'ka‘iiffiaiffi

161 1772 314 1812 musmo
331 1766 369 1799 et
383 1758 601 1813 proeclaro
620 1759 712 1799 viro
731 1759 906 1813 cligynius
919 1759 1228 1813 placabilitate
1247 1767 1372 1814 atque
1388 1761 1621 1802 clementia.

161 1822 297 1878 Hujus
337 1823 496 1864 eximiae
539 1823 702 1865 virtutis
736 1823 916 1881 insignia
951 1823 1068 1865 nobis
1106 1824 1294 1880 exempla
1328 1839 1457 1866 saerae
1491 1825 1624 1868 literae

159 1945 205 1972 γα
220 1933 278 1971 μὲν
299 1933 342 1962 εἰς
357 1933 522 1971 εὐφημίαν
538 1945 578 1962 τε
593 1935 644 1962 καὶ
666 1933 776 1971 δόξαν·
792 1943 857 1962 om-

158 1993 224 2018 nem
261 1982 320 2012 illa
353 1983 502 2012 hominem
542 1992 656 2012 ornare
696 1983 859 2021 insiyniter

152 2035 254 2071 potest
267 2042 277 2060 .·
300 2031 433 2060 maxime
446 2041 518 2060 vero
532 2041 591 2067 eos,
603 2032 657 2069 qui
671 2031 703 2059 in
719 2032 858 2069 imperiis

157 2085 227 2111 sunt
240 2081 416 2111 constituti:
440 2091 512 2110 nam
527 2091 594 2110 cum
614 2081 704 2119 reqia
718 2085 858 2119 potestas

157 2132 261 2161 omnia
270 2132 443 2169 permittat,
458 2135 548 2161 semet
563 2132 702 2167 retinere,
718 2140 756 2160 ac
775 2131 856 2159 divi-

157 2191 229 2210 nam
243 2182 339 2219 leqem
353 2181 526 2210 actionibus
540 2181 606 2210 suis
626 2181 731 2210 ducem
746 2181 857 2218 proefi-

158 2240 233 2267 cere,
249 2231 402 2269 eqreqium
412 2235 455 2259 cst
469 2231 643 2268 adsumam
654 2230 855 2268 qloriamque.

158 2282 266 2319 (Tom.
291 2289 336 2311 Vl.
359 2289 433 2318 pag.
457 2282 525 2316 753,
546 2279 633 2317 754.)
653 2279 855 2317 Augustinus

156 2439 251 2486 Eph.
273 2440 318 2474 iv.
345 2443 400 2475 32.
465 2440 514 2475 So
535 2441 731 2488 Josephus.

924 1934 1015 1972 epist.
1036 1942 1106 1964 mv.
1128 1944 1198 1973 quae
1223 1938 1271 1965 est
1289 1936 1328 1965 ad
1349 1936 1546 1966 Bonifacium
1569 1947 1623 1967 eo-

923 1983 1052 2012 mitem:
1074 1987 1216 2013 memento
1238 1984 1298 2013 cito
1319 1985 1482 2023 iqnoscere,
1503 1987 1533 2015 si
1552 1987 1624 2024 quis

923 2033 956 2061 in
980 2036 1007 2061 te
1027 2034 1204 2071 peccaverit
1225 2038 1253 2063 et
1273 2035 1393 2063 veniam
1402 2036 1621 2072 postulaverit.

923 2083 1043 2120 (Epist.
1059 2084 1126 2111 205.
1143 2083 1229 2121 vulg.
1247 2084 1316 2114 189.
1330 2087 1436 2113 autem
1453 2084 1470 2122 ἓ
1486 2086 1518 2114 8.
1539 2085 1621 2114 divi-

921 2132 998 2160 sion.
1017 2131 1229 2167 Benediciin.)

980 2185 996 2207 g
1008 2181 1181 2209 Antoninus
1195 2181 1419 2219 Philosophus]
1432 2182 1527 2220 Apud
1541 2183 1621 2212 Vul-

921 2229 1037 2258 catium
1062 2229 1260 2258 Gallicanum
1282 2230 1351 2259 vita
1371 2231 1480 2260 Avidii
1505 2231 1620 2264 Cassii.

920 2280 1008 2316 (cap.
1026 2279 1093 2314 12.)

228 2501 248 2531 2
270 2498 319 2531 So
335 2497 475 2532 Seneca
492 2497 754 2534 characterizes
771 2510 793 2533 a
808 2499 946 2545 prince,
962 2499 1045 2535 that
1057 2500 1104 2535 he
1122 2500 1281 2546 fei-gives
1297 2500 1354 2535 his
1371 2511 1450 2535 own
1468 2501 1618 2546 injurios

156 2565 259 2589 more
296 2553 411 2599 easily
447 2554 537 2588 than
570 2555 676 2590 those
709 2556 751 2590 of
773 2556 914 2597 others3

156 2611 288 2651 Caesar,
309 2610 391 2645 that
411 2611 458 2645 he
484 2611 605 2657 forgot
628 2613 785 2658 nothing
805 2613 873 2647 but
894 2614 1056 2658 injurios.

964 2568 1004 2591 so
1037 2558 1265 2598 Quintilian3
1311 2557 1385 2591 and
1419 2557 1548 2592 Cicero
1580 2558 1623 2592 of

1122 2615 1171 2649 So
1189 2615 1295 2648 Livia
1311 2615 1349 2647 in
1372 2613 1440 2648 her
1466 2614 1617 2649 addi-ess

154 2672 193 2702 to
215 2667 401 2711 Augustus
417 2668 454 2701 in
471 2668 564 2702 Dio:
598 2669 806 2703 Antoninus
824 2669 887 2704 the
904 2670 1164 2715 philosopher:
1195 2671 1375 2705 Ambrose
1393 2675 1430 2705 to
1448 2671 1617 2706 Theodo-

154 2724 252 2764 sius;
283 2723 506 2758 Themistius
528 2725 565 2758 in
587 2727 707 2770 praise
729 2726 772 2759 of
787 2726 851 2760 the
872 2737 973 2760 same
995 2727 1236 2762 Theodosius.

226 2785 246 2815 3
277 2780 452 2815 Aristotle
470 2781 595 2816 makes
613 2782 642 2816 it
663 2794 685 2816 a
710 2782 901 2816 character
926 2783 968 2816 of
987 2783 1049 2817 the
1070 2784 1350 2829 magnanimous
1372 2795 1469 2825 man,
1490 2788 1556 2819 not
1576 2789 1615 2820 to

151 2837 360 2872 remember
377 2838 447 2872 evil
465 2838 561 2872 done
579 2843 617 2873 to
635 2838 732 2879 him;
753 2838 871 2873 which
889 2839 1017 2873 Cicero
1036 2841 1171 2885 copies.
1213 2840 1293 2875 The
1312 2841 1502 2887 Scriptum
1515 2843 1615 2887 gives

151 2905 194 2929 us
222 2898 328 2941 great
354 2895 540 2941 examples
566 2895 609 2931 of
629 2895 702 2931 this
733 2896 852 2931 virtue
878 2896 916 2930 in
942 2896 1065 2931 Moses
1087 2897 1160 2932 and
1185 2897 1318 2932 David.
1356 2895 1476 2943 [See]
1526 2898 1615 2934 This

288 2990 442 3047 [GROT.
464 2993 530 3050 11.]

1426 2965 1480 3007 27
