2018 3204
100 449 126 473 p.
138 442 219 466 4ί2Α.

102 647 158 671 Pol.
172 646 208 670 ixi.
221 648 244 671 3.

100 973 127 998 p.
140 968 187 992 ⁵59
196 973 223 992 Α.

322 191 350 230 4«
761 195 974 237 QUANDO
1005 194 1219 229 IMPERIA
1250 196 1348 229 VEL
1614 192 1709 239 [L113.
1728 195 1778 229 11.

320 302 524 346 neminem
547 308 733 346 nostrum
769 304 943 346 eundem
966 318 1053 345 esse
1085 303 1126 344 in
1154 308 1376 352 senectute,
1409 302 1478 358 qui
1506 302 1584 345 fuit
1603 302 1779 358 juvenis,

320 376 367 412 ut
402 370 454 412 de
493 369 666 412 materia
701 370 786 411 sola
826 369 1106 425 intelligatur3
1143 369 1375 423 equomodo
1417 369 1653 410 Heraclitus
1691 368 1781 410 dix-

321 441 424 487 erat,
466 436 617 478 citante
661 436 833 477 Platone
873 435 914 476 in
954 436 1141 489 Οναίῃίο,
1183 441 1224 476 et
1269 435 1426 476 Seneca
1453 435 1560 476 dicto
1601 435 1701 484 loco,
1740 434 1783 476 in

320 501 429 543 idem
454 502 603 543 flumen
636 501 697 542 bis
727 516 800 542 nos
832 515 915 541 non
951 500 1224 541 descendere:
1261 500 1369 554 quod
1397 506 1508 542 recte
1529 499 1585 541 sic
1609 500 1781 557 corrigit

323 567 505 609 Seneca:
540 569 696 608 Manet
719 568 832 608 idem
846 567 1047 619 fluminis
1074 581 1234 613 nomen,
1272 581 1388 618 aqua
1418 567 1676 608 transmissa
1705 575 1778 608 est.

323 633 438 674 Sicut
474 637 516 674 ct
550 632 801 673 Aristoteles
835 632 986 672 fiumen
1017 631 1167 687 populo
1196 645 1436 686 comparans
1466 631 1582 681 dixit,
1613 631 1783 673 flumina

321 698 465 740 eadem
502 698 641 739 vocari
682 711 915 753 quanquam
956 696 1037 738 alia
1075 697 1221 738 subeat
1258 711 1418 752 semper
1453 711 1572 752 aqua,
1606 697 1687 738 alia
1712 698 1783 738 de-

321 764 453 805 cedat.
526 764 672 819 Neque
708 778 806 804 vero
844 768 984 804 manet
1017 777 1166 803 nomen
1201 762 1348 803 inane:
1387 762 1460 803 sed
1496 768 1539 804 et
1575 759 1659 819 ἔξις
1695 762 1780 812 illa,

321 843 445 885 quam
481 829 624 871 Conon
656 828 797 870 definit
831 827 918 884 ἕξιν
953 825 1158 879 σώματος
1192 825 1459 879 συνεκτικὴν,
1500 827 1618 869 Philo
1658 848 1782 872 πνευ-

321 893 502 947 ματικὸν
533 892 731 954 συνέχον,
766 894 915 936 Latine
948 908 1109 949 quoque
1141 893 1331 949 spiritum
1354 898 1511 934 vocant.
1577 893 1644 935 Sic
1679 908 1781 950 ergo

322 961 508 1016 populus,
546 963 727 1002 Auctore
757 960 945 1015 Alpheno
978 965 1020 1001 et
1051 960 1273 1000 Plutarcho
1299 959 1349 1000 de
1374 973 1466 1000 sera
1497 958 1673 1000 numinis
1695 959 1783 1000 vin-

323 1026 444 1076 dicta,
482 1026 590 1067 idem
629 1027 706 1067 hoc
746 1031 931 1080 tempore
968 1030 1138 1080 putatur
1177 1025 1245 1080 qui
1281 1024 1431 1066 abhinc
1466 1029 1627 1066 centum
1665 1024 1784 1066 annis

322 1092 413 1142 fuit,
452 1107 543 1133 cum
580 1107 632 1133 ex
672 1091 751 1132 illis
786 1106 905 1132 nemo
948 1105 1055 1131 nunc
1090 1090 1218 1132 vivit:
1264 1088 1414 1150 μέχρις
1449 1086 1500 1133 ἂν
1533 1110 1556 1142 η
1595 1092 1782 1134 ποιοῦσα

321 1157 392 1201 καὶ
429 1152 664 1201 συνδέουσα
701 1158 798 1203 ταῖς
840 1154 1098 1200 ἐπιπλοκαῖς
1135 1157 1322 1199 κοινωνία
1360 1154 1442 1207 τήν
1477 1153 1671 1207 ἑνότητα
1696 1150 1784 1199 δια-

323 1220 553 1287 φυλάττῃ·
589 1224 799 1278 quamdiu
822 1224 918 1271 illa,
939 1238 1031 1277 (μιᾶς
1047 1224 1259 1277 populum
1271 1223 1394 1277 fiicit
1418 1230 1456 1263 et
1480 1224 1640 1263 nuituis
1664 1223 1782 1263 nemi-

323 1291 399 1331 bus
421 1291 568 1338 vincit,
595 1290 831 1331 communio
846 1289 922 1342 jus
946 1289 1132 1329 imitatis
1163 1303 1250 1329 succ
1277 1296 1449 1337 servat,·
1486 1302 1577 1342 quae
1601 1285 1783 1342 ejusdem

320 1354 534 1396 Plutarchi
556 1354 598 1396 in
623 1355 699 1395 hac
723 1369 768 1395 re
791 1354 919 1396 verba
950 1359 1059 1397 sunt.
1129 1354 1185 1395 Et
1209 1353 1303 1394 hinc
1325 1359 1439 1394 ortus
1463 1367 1550 1393 mos
1574 1353 1779 1408 loquendi,

319 1460 453 1498 triqinta
466 1462 574 1498 aptam
588 1460 681 1489 remis
695 1463 915 1489 conservarunt
923 1459 1019 1488 Athe·
1087 1459 1302 1488 Tertullianus
1313 1459 1394 1497 juris
1410 1459 1502 1487 valde
1516 1459 1637 1496 peritus
1650 1458 1731 1486 libro
1747 1458 1784 1486 de

320 1510 437 1538 nienscs
450 1510 494 1538 ad
507 1519 601 1548 usque
615 1513 753 1546 tempora
764 1509 918 1538 Demetrii
929 1509 1019 1537 Pha·
1086 1508 1320 1537 Resurrectione
1338 1508 1452 1537 Carnis
1467 1508 1553 1545 (cap.
1571 1507 1627 1542 60)
1640 1517 1647 1535 ι
1663 1506 1785 1536 Navem

322 1560 460 1594 terensis,
474 1559 682 1587 subtrahendo
697 1559 785 1596 liqna
798 1561 945 1587 vetustate
966 1567 1019 1586 ca-
1080 1558 1224 1595 procella
1239 1558 1424 1595 dissipatam
1435 1558 1482 1587 vel
1492 1558 1577 1586 carie
1592 1557 1784 1592 dissolutam,

321 1609 419 1644 riosa,
433 1608 622 1645 subjiciendo
632 1608 709 1644 alia,
720 1608 766 1636 ita
778 1611 811 1636 ut
825 1608 1020 1643 cohaererent,
1087 1607 1222 1635 redactis
1241 1610 1269 1635 et
1291 1607 1445 1636 recuratis
1468 1607 1604 1635 omnibus
1631 1606 1783 1641 membris,

321 1659 401 1687 unde
428 1662 456 1686 et
478 1658 646 1695 exemplum
670 1658 734 1686 hoec
756 1657 847 1686 navis
857 1658 956 1695 facta
978 1660 1022 1685 est
1087 1656 1214 1684 eandem
1237 1665 1316 1693 soepe
1343 1657 1561 1693 conspeoeimus,
1583 1656 1675 1684 etiam
1696 1655 1784 1684 titulo

318 1707 516 1744 philosophis
543 1707 773 1743 disputantibus
800 1707 837 1735 de
861 1716 898 1735 ea
920 1716 1019 1744 quoes-
1087 1707 1290 1736 restitutionis
1310 1707 1503 1745 qloriantem.
1550 1707 1698 1744 Intellige
1719 1715 1785 1735 ma-

321 1757 413 1792 tione,
436 1765 503 1794 quae
526 1756 563 1784 de
585 1755 815 1794 auqescentibus
840 1756 966 1791 dicitur,
989 1756 1021 1784 in
1088 1759 1183 1785 nente
1213 1756 1328 1790 carina,
1362 1756 1520 1793 quomodo
1554 1765 1616 1784 vox
1648 1756 1786 1785 resoluta

322 1815 386 1843 qua
412 1805 493 1833 hanc
519 1814 626 1834 navem
661 1805 706 1833 ad
737 1805 849 1833 ultima
883 1808 1022 1843 tempora
1090 1805 1210 1844 [Immo
1244 1806 1398 1843 dissolvit]
1434 1806 1527 1834 etiam
1568 1806 1720 1834 sumenda
1752 1806 1785 1834 in

322 1855 448 1884 eandem
453 1855 560 1892 sitisse
581 1855 741 1894 affirmant
762 1854 805 1890 Ιιὶ,
827 1854 877 1883 illi
898 1858 1020 1893 neqant.
1088 1855 1179 1884 Pauli
1199 1855 1301 1883 verbis
1322 1855 1342 1884 l.
1364 1855 1447 1883 inter
1468 1855 1683 1892 stipulantem.
1699 1856 1747 1884 73.
1765 1854 1783 1892 ξ

324 1904 418 1942 (Pag.
437 1906 473 1934 10
489 1904 533 1942 c.)
566 1905 604 1932 Iu
619 1904 676 1933 hac
692 1903 905 1932 controversia
918 1913 937 1932 a
950 1904 1021 1941 phi·
1089 1914 1218 1934 sacram.
1235 1906 1265 1934 5.
1281 1904 1324 1933 D.
1347 1905 1386 1933 de
1407 1905 1495 1933 verb.
1510 1904 1607 1942 oblig.
1635 1904 1738 1942 quue
1752 1908 1786 1933 et

321 1954 462 1992 losophis
483 1955 643 1983 decertata
664 1954 836 1991 prudenter
856 1954 877 1982 J
880 1954 1021 1982 uriscon-
1088 1954 1172 1991 apud
1184 1953 1415 1982 Tertullianum
1428 1952 1645 1991 praecedentia,
1655 1956 1687 1981 et
1700 1954 1786 1991 apud

324 2004 400 2033 sulti
426 2004 563 2034 aientem
600 2008 723 2042 partem
758 2004 938 2042 praetulere.
979 2004 1023 2032 Et
1089 2002 1223 2031 Paulum
1245 2002 1409 2040 sequentia
1437 2002 1593 2030 evincunt.
1635 2001 1727 2031 Philo
1747 2002 1786 2032 de

323 2152 460 2183 matter
477 2148 520 2182 of
534 2147 652 2182 which
669 2159 721 2183 we
736 2148 892 2189 consist3
910 2159 949 2182 as
967 2147 1178 2182 Heraclitus
1199 2146 1289 2187 said,
1306 2145 1503 2190 according
1516 2148 1554 2179 to
1571 2144 1635 2179 the
1654 2148 1784 2190 quota-

323 2206 403 2240 tion
420 2206 463 2239 of
476 2206 584 2239 Plato
601 2206 639 2238 in
655 2205 719 2239 the
740 2205 919 2250 Cratytus,
934 2205 1008 2238 and
1026 2204 1167 2238 Seneca
1184 2204 1222 2236 in
1240 2202 1303 2237 the
1320 2203 1436 2237 above
1454 2202 1548 2236 cited
1568 2202 1684 2246 place,
1702 2201 1785 2237 that

324 2273 378 2296 we
391 2265 527 2295 cannot
543 2261 656 2295 bathe
673 2262 778 2296 twice
791 2262 829 2295 in
846 2261 910 2295 the
924 2272 1024 2295 same
1039 2261 1153 2294 river:
1173 2259 1291 2293 which
1309 2260 1450 2293 Seneca
1462 2258 1599 2304 rightly
1613 2263 1785 2300 eorrects,

323 2319 374 2363 by
397 2318 526 2363 saying
550 2317 614 2351 the
639 2329 748 2352 name
773 2318 816 2351 of
829 2318 892 2352 the
913 2318 1009 2351 river
1030 2316 1200 2356 remains,
1222 2315 1286 2350 the
1307 2319 1421 2350 water
1437 2326 1572 2359 passes.
1615 2315 1663 2349 So
1682 2314 1784 2349 Aris-

325 2375 430 2415 totle,
455 2373 669 2418 comparing
689 2385 711 2407 a
731 2374 827 2407 river
848 2378 887 2407 to
913 2385 935 2407 a
959 2373 1104 2418 people,
1129 2383 1221 2417 says,
1246 2372 1328 2406 that
1349 2372 1461 2406 rivers
1486 2382 1549 2405 are
1579 2371 1699 2405 called
1719 2371 1784 2406 the

325 2442 437 2471 same,
455 2429 597 2474 though
613 2441 693 2463 new
713 2433 825 2463 water
842 2430 871 2463 is
893 2429 1102 2474 constantly
1119 2429 1266 2473 coming
1286 2429 1335 2468 in,
1356 2428 1417 2462 old
1438 2434 1551 2461 water
1571 2428 1683 2473 going
1703 2433 1780 2463 out.

325 2488 406 2522 Nor
422 2488 452 2520 is
468 2487 497 2520 it
513 2486 577 2520 the
594 2490 721 2531 empty
736 2497 845 2520 name
862 2485 981 2519 which
1001 2486 1176 2525 remains;
1197 2485 1265 2518 but
1285 2484 1366 2518 that
1383 2484 1497 2524 habit,
1518 2484 1637 2518 which
1655 2485 1785 2519 Conon

327 2545 467 2579 defines
488 2554 527 2577 as
557 2554 579 2576 a
609 2543 705 2576 habit
725 2543 867 2586 holding]
898 2543 950 2575 the
980 2542 1067 2586 body
1088 2542 1245 2585 togyezher,
1265 2541 1336 2574 and
1359 2540 1480 2581 Philo,
1509 2552 1548 2574 as
1574 2552 1596 2575 a
1615 2541 1785 2586 spiritual

327 2602 428 2640 bonel,
453 2599 526 2633 and
546 2598 666 2632 which
690 2598 754 2633 the
774 2599 902 2632 Latius
924 2598 1000 2631 also
1018 2598 1090 2632 call
1111 2599 1162 2631 the
1186 2598 1291 2643 spirit
1316 2598 1357 2631 of
1375 2597 1438 2631 the
1460 2597 1576 2642 thing.
1640 2597 1741 2632 Thus
1762 2609 1784 2632 a

326 2657 477 2702 People,
496 2667 534 2690 as
557 2655 746 2701 Alphenus
763 2653 837 2689 and
857 2654 1034 2689 Plutarch
1052 2665 1126 2699 say,
1144 2654 1173 2688 is
1190 2655 1373 2688 reekoned
1393 2653 1457 2688 the
1475 2665 1575 2688 sanic
1592 2664 1674 2687 now
1694 2665 1733 2688 as
1755 2655 1784 2688 it

326 2725 400 2747 was
421 2725 443 2746 a
459 2712 630 2746 hundred
647 2723 752 2758 years
768 2723 848 2757 ago,
863 2710 1004 2756 though
1022 2721 1119 2744 none
1136 2710 1179 2745 of
1194 2710 1300 2745 those
1320 2711 1400 2744 who
1418 2711 1515 2744 lived
1534 2710 1624 2744 then
1640 2710 1669 2743 is
1687 2710 1783 2744 alive

326 2780 420 2809 now,
444 2769 496 2802 As
514 2770 595 2813 long]
615 2781 655 2802 as
686 2770 760 2803 that
781 2768 1003 2803 communion
1027 2768 1136 2801 wlu'ch
1161 2768 1278 2801 makes
1294 2780 1315 2800 a
1330 2768 1450 2812 people
1471 2768 1546 2800 and
1565 2767 1663 2800 biozcls
1684 2766 1711 2800 it
1731 2772 1784 2800 to-

323 2827 441 2871 gether
469 2826 553 2858 with
581 2826 722 2859 mutual
751 2826 857 2859 bonds
874 2836 1047 2869 preserves
1072 2824 1114 2857 its
1131 2825 1244 2869 unitis,
1265 2835 1303 2858 as
1326 2823 1503 2858 Plutarch
1534 2833 1721 2867 expresses
1741 2823 1782 2856 it.

325 2882 410 2917 And
426 2882 543 2916 hence
557 2882 668 2915 arises
686 2881 749 2916 the
763 2882 872 2916 mode
893 2881 936 2915 of
948 2880 1136 2926 speaking,
1152 2880 1234 2915 that
1251 2880 1356 2915 when
1374 2891 1426 2914 we
1443 2879 1593 2913 address
1611 2890 1633 2912 a
1649 2879 1782 2924 people

318 2949 407 2974 'now
417 2939 583 2984 existing,
594 2949 645 2973 we
657 2938 835 2973 attribute
846 2942 884 2972 to
898 2938 927 2973 it
939 2937 1034 2971 what
1046 2936 1241 2983 happened
1255 2941 1292 2972 to
1304 2937 1367 2972 the
1378 2947 1477 2971 same
1492 2935 1631 2981 People
1642 2935 1783 2970 several
