2018 3204
1619 148 1699 187 225

245 151 335 186 CAr.
356 146 484 198 xlx]
675 153 744 187 DE
774 153 904 197 JURE
937 153 1268 189 SEPULTURAE.

243 260 400 303 Plinius
423 275 584 317 quoque
615 261 786 318 scripsit,
824 268 979 304 terram
1002 277 1076 304 nos
1105 267 1317 305 nascentes
1348 262 1549 319 excipere,
1581 267 1699 304 natos

243 326 369 376 alere,
405 327 610 383 semelque
631 327 761 370 editos
784 328 985 370 sustinere
1007 342 1181 384 semper,
1206 328 1423 370 novissime
1447 327 1699 384 complexam

243 392 401 449 gremio
416 392 503 448 jam
527 408 553 434 a
575 393 734 448 reliqua
757 400 907 435 natura
929 393 1150 443 abdicatos,
1173 400 1219 436 ut
1242 399 1416 436 matrem
1439 394 1613 450 operire.

341 460 368 499 3
414 459 520 500 Sunt
550 458 619 513 qui
649 459 958 501 resurrectionis
981 474 1095 515 spem
1117 474 1143 501 a
1173 459 1314 515 primis
1346 460 1512 502 humani
1535 459 1700 517 generis

242 523 492 578 parentibus,
529 524 606 565 hoc
640 524 765 565 veluti
801 531 1074 576 monumento,
1110 525 1284 582 posteris
1315 526 1594 583 consignatam
1626 540 1699 581 pu-

241 594 344 630 tant.
404 590 512 630 Nam
536 594 578 630 et
602 589 653 630 ob
677 589 948 632 reviviscendi
979 591 1220 646 promissum
1245 591 1503 633 adservanda
1526 606 1700 647 corpora

241 653 425 695 docuisse
453 654 757 697 ⁵Democritum
782 655 938 697 Plinius
964 655 1080 698 testis
1107 662 1181 706 est,
1217 657 1322 698 libro
1346 656 1530 712 septimo,
1568 657 1700 712 capite

241 718 577 776 quinquagesimo
603 720 756 775 quinto.
817 721 1038 763 Christiani
1060 728 1199 764 autem
1222 736 1331 777 saepe
1352 736 1506 763 morem
1529 723 1699 764 honeste

241 784 442 827 condendi
465 799 638 842 corpora
661 786 713 828 ad
735 787 840 828 hanc
863 801 976 843 spem
999 787 1197 829 referunt.
1267 787 1539 829 Prudentius:

646 871 832 913 Quidnam
852 871 921 907 sibi
941 882 1028 906 saxa
1048 875 1188 912 cavata,

643 929 741 969 Quid
760 928 916 975 pulchra
935 928 1064 963 volunt
1084 932 1336 970 monumenta,

643 986 727 1019 Nisi
747 985 846 1030 quod
866 996 924 1020 res
946 985 1110 1020 creditur
1125 985 1197 1019 illis
1535 1005 1552 1026 0

643 1042 682 1076 N
684 1053 733 1076 on
753 1045 912 1083 mortua,
932 1041 997 1076 sed
1018 1041 1106 1076 data
1126 1042 1282 1077 somno?

341 1113 369 1154 4
417 1111 647 1168 Simplicius
670 1117 744 1161 est,
780 1127 871 1153 cum
893 1112 1015 1153 homo
1039 1112 1197 1154 caeteris
1220 1112 1494 1155 animantibus
1517 1117 1698 1169 praestet,

239 1177 454 1235 indignum
484 1177 614 1219 visum
648 1177 682 1218 εἰ
717 1177 804 1233 ejus
835 1173 1006 1233 corpore
1037 1178 1118 1219 alia
1151 1178 1374 1221 animantia
1404 1183 1696 1234 pascerentur:

239 1257 368 1298 quare
401 1242 610 1285 inventam
645 1243 896 1299 sepulturam
931 1249 978 1285 ut
1011 1243 1052 1285 id
1078 1250 1276 1299 quantum
1302 1251 1439 1300 posset
1473 1249 1698 1286 caveretur.

239 1308 505 1351 Miseratione
529 1308 738 1350 hominum
763 1308 957 1350 custodiri
989 1324 1162 1365 corpora
1184 1305 1203 1331 ¹¹
1213 1311 1265 1352 ab
1289 1310 1452 1352 incursu
1480 1309 1615 1351 avium
1638 1309 1700 1350 fe-

238 1388 461 1430 rarumque
485 1374 588 1416 dixit
616 1374 903 1425 Quintilianus.
963 1375 1087 1432 Apud
1120 1375 1359 1417 Ciceronem
1384 1376 1435 1417 de
1459 1375 1699 1418 Inventione

239 1491 362 1525 essent3
382 1489 433 1518 De
453 1489 658 1518 adservandis
679 1489 861 1527 corporibus
881 1489 936 1517 Ιιο-

238 1540 363 1578 minum,
398 1548 443 1569 OB
476 1547 720 1568 nnvlwscnxm
756 1546 934 1568 1‘1t0M1ssn.

238 1589 275 1619 J.
289 1589 331 1619 Β.

300 1637 313 1658 ¹¹
348 1638 396 1668 Ab
424 1638 549 1667 incursu
582 1638 686 1666 arium
710 1636 934 1675 fimrumque]

239 1687 321 1717 Vide
336 1687 514 1717 vaticinium
534 1687 572 1716 de
594 1686 779 1716 Jeroboami
800 1686 934 1724 posteri-

238 1738 305 1765 tate
327 1736 358 1764 in
380 1745 505 1775 poenam
521 1739 722 1774 peccatorum
744 1735 820 1773 ejus,
836 1737 852 1764 1
869 1736 933 1764 Re-

239 1795 315 1825 gum
331 1786 391 1816 xiv.
410 1788 459 1815 11.
501 1786 545 1814 Et
560 1785 791 1814 Tertullianum
813 1785 850 1814 de
870 1784 933 1813 Re-

237 1836 438 1865 surxectione.
496 1835 546 1864 De
583 1835 735 1873 AEgistho
776 1835 934 1864 Homerus

242 1885 382 1924 odysseae
399 1886 432 1914 Γ.
449 1884 540 1922 (vers.
556 1885 646 1922 25S):

237 1945 280 1979 Τᾧ
292 1955 322 1971 κε
334 1945 360 1971 οἱ
373 1944 434 1971 οὐδὲ
447 1944 556 1970 θανόντι
564 1943 651 1977 χυτὴν
663 1943 707 1969 ἐπὶ
719 1942 801 1977 γαῖαν
811 1943 916 1976 ἔχε-νον,

236 1990 304 2016 Ἀλλ’
317 1990 370 2022 ἄρα
382 1989 459 2022 τόνγε
473 1989 550 2017 κύνες
562 1998 591 2015 τε
604 1988 650 2014 καὶ
663 1987 755 2013 οἰωνοὶ
767 1988 932 2021 κατέδαψαν.

267 2045 338 2076 Ergo
349 2051 398 2069 nec
410 2044 501 2068 leviter
512 2043 618 2074 glebam
629 2043 742 2073 injeccre
754 2044 881 2073 peremto,

267 2086 345 2111 Illius
356 2087 386 2110 ut
397 2085 516 2109 volucres
528 2084 675 2108 lacerarent
686 2090 744 2108 ossa
755 2089 893 2113 canesque.

235 2137 287 2167 De
302 2136 454 2175 AEgistho
468 2135 618 2173 loquitur,
637 2143 730 2172 quem
751 2136 787 2162 ut
808 2133 931 2162 adulte-

236 2196 306 2217 rum
330 2189 362 2215 et
389 2185 480 2223 regni
504 2184 679 2212 invasorem
709 2182 821 2220 Argivi
848 2182 931 2210 inse-

235 2236 361 2275 pultum
397 2234 587 2272 abjecerant,
626 2232 738 2271 [immo
778 2231 931 2268 abjecturi

236 2285 378 2320 fuissent,
401 2283 426 2311 si
449 2282 547 2320 Argis
570 2282 692 2310 fuisset.
736 2281 861 2318 Inspice
883 2280 931 2308 lo-

236 2343 318 2363 cum.
372 2332 407 2362 J.
423 2331 481 2370 B.]
522 2331 610 2369 cnjus
642 2333 747 2359 tamen
784 2329 932 2367 reliquias

1005 1489 1171 1519 humanior
1191 1494 1283 1520 terrae
1305 1490 1392 1520 dedit
1415 1490 1554 1524 Orestes,
1570 1491 1607 1518 ut
1627 1498 1701 1518 mox

1004 1540 1137 1569 dicetur.
1171 1541 1334 1569 Menelaus
1345 1541 1383 1569 de
1396 1539 1493 1577 Ajace
1504 1540 1535 1567 in
1548 1539 1703 1577 Sophocle

1006 1588 1116 1626 (Ajac.
1129 1599 1209 1619 vers.
1228 1590 1338 1626 1083):

1002 1648 1071 1674 Ἀλλ’
1089 1649 1160 1682 ἀμφὶ
1178 1649 1289 1683 χλωράν
1308 1649 1436 1682 ψάμαθον
1455 1649 1656 1682 ἐκβεβλημένος

999 1692 1111 1725 Ὄρνισι
1130 1694 1219 1726 φορβὴ
1242 1695 1386 1727 παραλίοις
1403 1694 1559 1727 γενήσεται.

1036 1749 1087 1773 Sed
1098 1749 1141 1773 illc
1152 1749 1240 1773 arenis
1247 1750 1336 1780 jactus
1347 1749 1373 1773 in
1386 1749 1557 1779 pallentibus,

1035 1790 1150 1814 Gratum
1162 1790 1272 1814 marinis
1284 1790 1416 1820 pabulum
1427 1790 1535 1814 alitibus
1545 1789 1625 1814 dabit.

1004 1845 1066 1874 Sed
1092 1845 1151 1872 hoc
1180 1852 1306 1882 quoque
1332 1843 1375 1871 ibi
1398 1843 1545 1881 prohibet
1565 1842 1702 1881 Ulysses,

1002 1892 1180 1931 prudentia>
1205 1892 1376 1929 exemplar.
1419 1891 1590 1930 Sophocles
1608 1891 1701 1920 Anti-

1002 1951 1079 1981 qone
1100 1941 1134 1970 in
1151 1941 1249 1979 ipsius
1263 1941 1447 1979 Antigones
1465 1941 1591 1970 laudem
1607 1941 1698 1979 (vers.

1003 1993 1071 2028 711,
1085 1994 1113 2020 et
1129 1989 1249 2029 seqq.):

1029 2052 1113 2081 Ἠτις
1130 2054 1178 2078 τὸν
1196 2052 1279 2084 αὐτῆς
1297 2051 1468 2085 αὐτάδελφον
1487 2052 1516 2078 ἐν
1533 2052 1631 2084 φοναῖς

1036 2096 1160 2123 Πεπτῶτ“
1178 2096 1308 2126 ἄθαπτον,
1325 2095 1387 2128 μήθ’
1403 2096 1447 2121 ὑπ’
1465 2096 1600 2128 ὠμηστῶν
1613 2097 1701 2124 κυνῶν

1038 2141 1116 2167 Εἵασ’
1136 2141 1260 2170 ὀλέσθαι,
1275 2139 1336 2172 μήθ’
1353 2139 1400 2165 ὑπ’
1414 2139 1516 2166 οἰωνῶν
1533 2151 1615 2169 τινος.

1033 2197 1087 2221 Illa
1098 2195 1214 2219 obsitum
1226 2201 1319 2218 cruore
1331 2201 1490 2223 gemianum
1502 2202 1582 2220 suum

1033 2237 1095 2261 Non
1108 2235 1275 2265 insepultum
1286 2235 1345 2258 sivit
1356 2235 1464 2259 alitibus
1476 2235 1543 2265 feris,

1034 2277 1205 2306 Canibusquc
1217 2276 1273 2299 ficri
1286 2275 1416 2305 pabulum
1428 2277 1605 2302 mordacibus.

1004 2328 1173 2366 Appianus
1188 2327 1324 2356 cixilium
1341 2336 1364 2357 1.
1385 2327 1422 2357 cle
1432 2328 1699 2367 interfectisjussa

238 2497 352 2532 oritus
373 2506 491 2531 seems
509 2499 547 2530 to
567 2495 661 2530 havc
682 2495 880 2541 thought*.

237 2555 311 2588 tice
334 2553 376 2587 of
395 2552 516 2587 burial
546 2556 585 2586 to
612 2552 685 2586 this
712 2552 820 2598 hope.

943 2494 1023 2530 The
1045 2495 1250 2530 Christians
1270 2493 1373 2529 often
1391 2494 1490 2529 refer
1510 2493 1574 2528 the
1591 2505 1698 2539 prac-

887 2552 936 2587 So
969 2552 1215 2592 Prudentius3

1261 2552 1369 2585 ΠἼιαι
1401 2563 1505 2585 mean
1532 2551 1622 2584 hollo
1628 2553 1699 2586 wcd

236 2617 358 2651 stones,
379 2610 472 2643 what
494 2621 596 2643 mean
616 2610 819 2654 sculptzcred
836 2610 955 2651 tombs,
979 2621 1057 2644 save
1086 2610 1160 2643 that
1188 2609 1283 2642 what
1304 2619 1353 2642 we
1377 2613 1468 2643 trust
1498 2613 1531 2642 to
1550 2608 1638 2642 them
1667 2609 1696 2642 is

237 2673 297 2702 not
314 2667 415 2707 dead,
436 2667 494 2700 but
510 2666 680 2711 slecpeth?

317 2728 339 2758 4
372 2723 407 2758 It
427 2723 456 2757 is
475 2732 577 2756 more
595 2722 725 2767 simple
742 2726 780 2757 to
798 2733 872 2768 say,
890 2721 972 2756 that
988 2721 1220 2766 considering
1237 2721 1300 2756 the
1317 2720 1540 2767 superiority
1555 2720 1598 2755 of
1610 2732 1696 2756 man

236 2785 276 2816 to
294 2779 401 2815 other
418 2779 584 2820 animals,
612 2780 642 2813 it
663 2790 733 2813 was
762 2779 918 2813 deemed
939 2778 1133 2823 unworthy
1153 2778 1196 2812 of
1211 2778 1288 2812 him
1311 2778 1392 2812 that
1413 2778 1521 2812 other
1541 2778 1695 2814 animals

236 2837 368 2873 should
390 2836 477 2871 seed
494 2847 543 2870 on
567 2835 655 2876 him,
681 2835 755 2870 and
772 2835 854 2870 that
873 2835 1062 2881 sepulture
1084 2846 1156 2869 was
1179 2835 1354 2870 invented
1379 2839 1418 2869 to
1441 2835 1587 2870 obviate
1607 2835 1691 2870 this.

432 2908 449 2923 “
471 2907 541 2937 The
556 2916 690 2946 passage
704 2906 730 2936 is
747 2906 889 2945 wrongly
903 2906 1022 2944 quoted
1037 2906 1098 2935 and
1112 2905 1376 2936 misunderstood.
1419 2905 1453 2936 J.
1467 2906 1506 2937 Β.

373 2996 525 3052 [GRoT.
554 2996 617 3054 11.]

1506 2964 1560 3003 15

1718 279 1791 313 {list
1810 278 1875 304 Nat.

1717 316 1743 333 ιι.
1754 311 1793 334 63.

1720 807 1822 835 mmm.
1836 814 1863 831 x.
1876 808 1914 832 53.

1716 839 1740 862 ec
1750 844 1819 868 seqq.

1718 1391 1789 1416 Decl.
1801 1391 1834 1415 vi.
1850 1399 1877 1422 p.

1716 1423 1754 1447 95.
