2018 3204
756 352 944 395 CAPUT
977 353 1093 395 XVI.

625 463 693 498 DE
723 465 776 499 IN
782 465 1223 501 TERPRETATIONE.

260 565 289 599 Ι.
367 565 549 608 Quomodo
584 568 764 611 promissa
805 569 890 602 obli-

362 628 444 667 9ent
464 623 623 657 emerius.

251 677 300 712 ΙΙ.
368 679 495 720 Verba,
521 680 551 714 si
577 680 660 714 alico
685 682 891 727 conjecturae

366 736 491 776 absint,
507 736 734 782 intelliyenda
752 750 793 773 ex
803 751 891 784 pro-

361 793 513 837 prietate
522 794 707 839 populari.

240 848 310 883 111.
369 849 485 884 Verba
505 851 594 885 artis
615 862 655 885 ex
671 857 758 886 arte.

246 905 312 941 IV.
367 906 582 952 Conjeeturis
616 919 720 942 usum
755 918 821 942 esse
852 919 892 941 ex

366 964 594 1009 arwibiyzcitate
610 976 741 1005 vocum,
759 975 800 998 ex
816 975 891 1009 spc-

365 1021 413 1055 cie
439 1022 694 1065 repuynantioe,
723 1027 787 1055 aut
807 1021 892 1066 quia

369 1083 489 1122 sponte
507 1089 540 1111 se
556 1078 722 1122 inyerunt
736 1090 746 1110 .-

253 1134 298 1170 V.
375 1134 421 1168 Ut
438 1146 478 1168 ex
494 1135 645 1168 materia
659 1147 670 1167 :

248 1190 304 1226 VI
365 1191 428 1224 Ex
443 1191 559 1236 &fectu
573 1203 584 1224 .-

233 1247 319 1282 VII.
363 1247 426 1281 Ex
473 1247 665 1294 conjunctis
677 1260 688 1281 .·
746 1248 890 1293 oriyine‚

295 1304 308 1316 ¹
365 1310 429 1338 aut
448 1305 553 1338 etiam
573 1305 645 1339 loco
659 1317 670 1338 .·

222 1360 329 1395 VIII.
369 1361 446 1404 Quo
458 1362 611 1407 pertinet
637 1362 835 1408 conjectura
851 1373 891 1396 ex

365 1418 502 1453 ratione
515 1424 676 1459 movente,
686 1431 764 1464 quce
779 1430 890 1464 quan-

366 1476 410 1509 do
436 1481 466 1509 et
494 1476 664 1520 quomodo
689 1476 803 1510 locum
827 1477 890 1509 lia-

367 1533 453 1566 beat.

242 1589 311 1622 IX.
365 1588 556 1623 Distinetio
594 1589 892 1635 siynifieationum

367 1646 406 1679 in
423 1646 525 1680 laxas
541 1652 572 1680 et
588 1647 739 1681 strictas.

254 1701 303 1735 X.
368 1702 559 1736 Distinotz‘o
579 1703 837 1748 promissorum
854 1703 892 1736 in

359 1760 599 1805 favorabilia,
621 1760 751 1801 odiosa,
768 1759 892 1800 mixta,

371 1821 435 1850 aut
451 1817 577 1851 media.

246 1872 315 1907 XI.
367 1873 509 1919 Rejecta
534 1873 631 1908 eirca
657 1879 755 1908 actus
776 1884 891 1918 popu-

371 1930 488 1964 lorum
509 1936 574 1964 aut
592 1942 714 1976 regum
731 1931 893 1975 differen-

370 1987 422 2020 tia
437 1993 682 2022 contractuum
696 1986 894 2033 boncefldei,

370 2049 433 2078 aut
449 2044 563 2078 stricti
570 2045 678 2090 juris.

371 2100 434 2134 Ex
474 2101 574 2135 dietis
616 2100 893 2135 distinctionibus

369 2157 667 2203 siqnificationum
691 2164 721 2192 et
737 2158 891 2202 promis-

369 2225 490 2248 sorum
521 2215 653 2260 reyulae
674 2216 894 2259 formantur

371 2271 467 2306 circa
487 2272 799 2317 interpretationes.

228 2327 337 2362 XIII.
369 2327 430 2362 An
459 2328 633 2363 sociorum
663 2329 801 2362 nomine
821 2330 894 2373 su-

373 2385 447 2418 turi
471 2385 623 2426 veniant,
647 2391 678 2419 et
699 2391 893 2429 quatenus:

373 2441 433 2474 ubi
449 2441 623 2485 desedere
644 2442 895 2476 Romanorum

372 2508 452 2531 cum
478 2497 689 2538 Asdrubale,
715 2505 746 2533 et
771 2498 895 2533 simili-

373 2554 434 2587 bus
451 2555 702 2588 controversiis.

238 2100 327 2135 XII.

234 2611 337 2646 XIV.
377 2611 558 2653 Quomodo
578 2611 895 2655 interpretandum,

372 2667 426 2701 Ne
453 2667 544 2701 alter
564 2668 719 2712 populus
751 2668 896 2702 alterius

373 2725 509 2770 injussu
526 2724 651 2757 bellum
665 2730 778 2768 μοναί.

240 2782 325 2817 XV.
372 2781 430 2815 De
469 2780 540 2815 illis
576 2781 697 2821 verbis,
725 2781 896 2815 Liberam

363 2838 451 2883 sore
469 2838 732 2882 C'artlzayinem.

233 2895 338 2930 XVI.
378 2894 466 2938 Quae
485 2900 596 2940 pacta
607 2893 815 2940 personalia
832 2894 894 2927 lta-

375 2952 497 2992 benda,
515 2963 593 2997 quoe
611 2951 735 2993 realia,
752 2951 894 2986 distinc-

1133 567 1282 601 tionibus
1298 568 1506 613 explicatur.

979 624 1103 658 XVII.
1127 624 1243 658 Fedus
1284 636 1363 658 eum
1395 625 1490 670 Reye
1525 624 1655 659 initum

1131 681 1267 714 extendi
1302 681 1352 714 aol
1386 682 1517 726 Reyem
1549 692 1654 726 reqno

1125 737 1295 782 pulsum:

960 793 1104 827 XVIII.
1124 793 1208 826 Non
1228 794 1278 826 ad
1292 793 1393 838 reyni
1411 794 1617 828 invasorem.

988 850 1097 884 XIX.
1130 849 1355 883 Promissum
1383 850 1412 883 ei
1438 851 1499 895 qui
1512 851 1656 895 primus

1132 906 1340 950 hoeseeerit,
1366 907 1396 940 si
1411 907 1534 951 plures
1549 907 1657 941 simul

1120 963 1287 1007 fecerint,
1304 963 1361 997 eui
1377 963 1552 998 debeatur.

998 1019 1086 1053 XX.
1133 1019 1341 1065 C'onjectura
1375 1031 1408 1054 se
1442 1021 1537 1055 ultro
1576 1022 1657 1066 offe-

1131 1088 1234 1110 rens.-
1295 1083 1359 1110 aut
1412 1078 1574 1119 extendit,
1625 1084 1656 1112 et

1132 1133 1274 1178 quando
1296 1134 1415 1180 iclfiat
1428 1147 1439 1167 .·

988 1190 1097 1224 XXI.
1139 1190 1208 1224 Ubi
1243 1196 1274 1224 et
1305 1191 1345 1225 de
1383 1192 1555 1226 mandato
1589 1203 1657 1237 per

1131 1247 1235 1281 aliud
1250 1247 1425 1292 implendo
1436 1260 1448 1281 .·

978 1304 1107 1338 ΧΧΙΙ.
1129 1303 1206 1338 Aut
1236 1305 1417 1350 restrinyit
1428 1317 1439 1338 .·
1472 1305 1575 1350 idque
1605 1306 1658 1339 vel

1131 1372 1172 1395 ex
1181 1362 1315 1406 defectu
1326 1361 1522 1406 oriyinario
1535 1362 1657 1396 volun-

1132 1418 1226 1459 tatis,
1251 1418 1312 1463 qui
1331 1418 1510 1463 eolligyitur
1533 1429 1574 1453 ex
1594 1420 1655 1452 ab-

1130 1475 1238 1508 surdo
1250 1486 1261 1507 .·

969 1531 1117 1565 XXIII.
1131 1531 1192 1565 Ex
1207 1531 1390 1566 cessatione
1405 1531 1556 1566 rationis
1575 1533 1657 1566 uni-

1130 1599 1179 1622 oce
1191 1600 1202 1620 .-

971 1645 1116 1680 XXIV.
1133 1645 1195 1678 Ea·
1212 1645 1370 1679 materiee
1386 1645 1541 1692 defectu:

983 1703 1106 1736 XXV.
1132 1699 1355 1744 (Observatio
1372 1702 1466 1736 eirea
1487 1703 1658 1748 conjectu-

1130 1769 1193 1792 ras
1203 1759 1366 1803 promime
1385 1757 1496 1793 dictas
1507 1757 1536 1801 s)

969 1815 1114 1850 XXVI.
1135 1815 1198 1849 Vel
1213 1826 1254 1849 ex
1270 1826 1372 1849 casus
1387 1815 1588 1860 emergentis
1604 1827 1658 1850 re-

1126 1872 1334 1917 puynantia
1353 1883 1434 1906 cum
1457 1872 1633 1907 voluntate
1647 1885 1658 1906 .·

1133 1929 1195 1974 qui
1213 1929 1368 1963 sumitur
1382 1940 1424 1963 ex
1439 1929 1560 1963 illicito
1572 1942 1583 1963 .·

961 1986 1125 2021 XXVII.
1140 1985 1202 2019 Ex
1230 1997 1330 2020 onere
1358 1986 1512 2019 nimium
1542 1987 1659 2031 yravz',

1131 2043 1252 2076 habita
1273 2043 1410 2076 ratione
1426 2049 1546 2077 actus:

962 2099 1146 2135 XXVIII.
1161 2099 1223 2132 Eoe
1232 2099 1340 2143 siynis
1351 2099 1442 2139 aliis,
1453 2105 1491 2133 ut
1502 2100 1660 2144 ubipar-

1134 2161 1179 2190 tes
1200 2155 1323 2200 scripti
1342 2155 1435 2190 inter
1453 2166 1485 2189 se
1502 2157 1659 2190 commit-

1133 2218 1280 2246 tuntur:

971 2269 1118 2303 XXIX.
1137 2269 1225 2311 Quae
1242 2274 1318 2302 tum
1328 2269 1459 2314 reyulae
1476 2270 1660 2304 observan-

1134 2327 1190 2359 dce
1205 2326 1287 2359 sint.

981 2384 1110 2418 XXX.
1136 2382 1367 2427 Scripturam
1401 2383 1441 2416 in
1471 2383 1576 2417 dubio
1613 2384 1663 2417 ad

1134 2445 1333 2474 contractus
1353 2439 1573 2474 validitatem
1589 2451 1662 2474 non

1136 2497 1282 2541 requiri.

975 2553 1122 2588 XXXI.
1137 2553 1276 2598 Reyum
1316 2558 1516 2587 contractus
1556 2553 1662 2587 inter-

1131 2610 1365 2655 pretationem
1404 2621 1445 2643 ex
1467 2611 1553 2655 jure
1584 2610 1660 2644 Ro-

1135 2678 1242 2700 mano
1259 2677 1331 2699 non
1346 2677 1490 2700 sumere.

965 2723 1258 2758 XXXIUfm-ba
1283 2722 1513 2757 conditionem
1543 2734 1663 2768 aceep-

1137 2779 1256 2820 tantis‚
1276 2791 1326 2812 an
1346 2779 1527 2824 offerentis,
1547 2780 1662 2825 mayis

1134 2836 1335 2881 spectanda,
1369 2847 1437 2881 per
1467 2836 1661 2872 distinetio-

1136 2905 1212 2928 nem
1227 2893 1434 2939 explicatur.
