2018 3204
163 141 252 176 CAr.
271 137 399 182 XXI]
451 138 520 173 DE
550 137 821 173 POENARUM
852 138 1331 174 COMMUNICATIONE.
1536 132 1619 173 363

167 247 271 290 sium
295 245 485 302 querelas
507 245 558 288 de
579 245 738 288 damnis
757 245 879 287 illatis
902 246 1124 302 respondit,
1146 246 1238 302 plus
1263 246 1360 288 mali
1387 245 1542 288 Siculos
1566 246 1619 288 ab

165 314 307 370 Ulyxe
342 312 437 354 olim
467 311 695 367 pertulisse.
766 312 822 352 Et
855 311 1100 353 Plutarchus
1128 313 1233 354 libro
1265 318 1409 354 contra
1430 311 1619 353 Herodo-

165 384 265 430 tum,
292 377 456 419 minime
490 377 549 419 ait
575 391 674 419 vero
709 391 796 418 esse
827 376 968 426 simile,
1004 377 1239 420 Corinthios
1272 377 1410 419 ulcisci
1442 376 1619 419 voluisse

164 449 373 499 acceptam
407 457 433 484 a
471 442 619 484 Samiis
650 441 839 497 injuriam
877 441 993 492 μετὰ
1031 445 1151 502 τρεῖς
1189 441 1357 500 Ὑενεεῖς,
1391 451 1493 498 post
1535 451 1620 485 tres

165 511 383 551 hominum
413 517 570 550 aetates.
634 508 722 548 Nec
753 507 938 562 procedit
969 509 1089 564 hujus
1121 515 1163 551 et
1193 509 1382 550 similium
1416 509 1620 550 factorum

165 574 358 623 defensio,
384 588 505 628 quam
535 572 645 628 apud
669 572 934 614 Plutarchum
964 573 1104 630 legere
1134 580 1196 616 est
1218 576 1287 617 De
1310 590 1408 617 sera
1430 576 1620 616 numinis

164 641 373 682 vindicta.
434 638 556 679 Aliud
589 637 695 679 enim
731 644 793 679 est
821 637 889 693 jus
919 638 1011 688 Dei,
1040 639 1152 681 aliud
1186 640 1407 689 hominum,
1446 646 1493 682 ut
1523 654 1619 681 mox

164 704 347 761 apertius
390 703 471 745 fiet.
536 704 684 758 Neque
729 702 763 744 si
811 718 971 758 aequum
1024 711 1086 747 est
1130 711 1315 761 posteros
1360 707 1537 747 honores
1578 711 1620 747 et

164 770 336 826 praemia
369 769 553 825 accipere
584 769 636 810 ob
671 768 818 810 merita
848 769 1059 825 majorum,
1095 770 1187 812 ideo
1220 777 1262 813 et
1294 770 1430 826 puniri
1464 785 1534 811 eos
1566 770 1618 812 ob

166 850 308 877 eorum
340 841 506 891 peccata
535 849 696 889 acquum
731 840 804 876 est.
875 835 1068 877 Beneficii
1097 836 1204 877 enim
1228 836 1322 878 talis
1345 842 1408 878 est
1430 835 1617 888 materia,

165 907 212 942 ut
236 901 275 942 in
302 901 484 956 quemvis
508 900 685 942 conferri
709 899 794 941 sine
817 899 967 955 injurIa
989 901 1141 957 possit3
1176 916 1308 957 poenae
1330 915 1412 942 non
1434 901 1544 942 item.

266 967 343 1008 IX.
410 966 599 1007 Diximus
623 965 674 1007 de
700 965 829 1006 modis
851 980 928 1022 per
951 981 1053 1022 quos
1076 967 1343 1009 communitas
1367 981 1498 1023 poenae
1518 965 1620 1008 acci-

165 1031 227 1074 dit
260 1046 311 1073 ex
348 1031 477 1087 culpae
515 1030 814 1072 communitate.
884 1033 1033 1075 Restat
1063 1038 1292 1088 spectemus
1325 1047 1378 1074 an
1413 1038 1468 1081 et,
1501 1032 1622 1088 culpa

164 1112 246 1138 non
271 1097 577 1148 communicata,
603 1096 925 1139 communicetur
949 1112 1092 1153 poena:
1127 1112 1220 1153 quae
1243 1113 1311 1140 res
1342 1104 1389 1140 ut
1418 1104 1531 1140 recte
1560 1098 1620 1139 in-

165 1163 390 1219 telligatur,
415 1168 457 1204 et
479 1177 543 1212 ne,
571 1176 663 1217 quae
687 1176 733 1202 re
755 1161 843 1217 ipsa
868 1162 1030 1205 diversa
1054 1170 1160 1214 sunt,
1184 1165 1236 1207 ob
1261 1179 1404 1207 vocum
1436 1163 1621 1206 similitu-

169 1227 305 1270 dinem
330 1228 646 1279 confundantur,
670 1228 874 1270 monenda
898 1235 992 1271 sunt
1022 1230 1223 1285 quaedam.

267 1291 333 1336 X(
387 1296 412 1335 1
458 1293 656 1343 Primum,
681 1293 793 1335 aliud
814 1308 902 1336 esse
926 1295 1118 1337 damnum
1143 1296 1297 1338 directe
1326 1295 1480 1345 datum,
1510 1295 1622 1337 aliud

160 1413 289 1447 seretur,
320 1411 380 1440 tali
407 1419 444 1440 ez·
470 1419 567 1440 causa
592 1413 719 1449 fiscum,
750 1419 810 1438 non
840 1419 862 1439 a

165 1460 287 1490 Graecis
301 1461 333 1489 in
352 1460 514 1497 Trojanos,
528 1469 588 1488 uon
602 1469 623 1488 a
635 1459 862 1489 Macedonibus

161 1510 194 1538 in
209 1510 338 1546 Persas,
357 1510 405 1539 vel
420 1519 520 1547 puero
542 1509 680 1547 liqueat:
702 1518 762 1537 non
783 1509 862 1537 enim

162 1559 213 1588 illi
227 1560 327 1588 obsita
345 1562 492 1588 vetustate
506 1559 639 1588 crimina
656 1558 735 1586 seris
751 1558 861 1595 poenis,

162 1619 198 1638 ne
221 1610 253 1638 in
267 1613 387 1647 nepotes
401 1609 522 1647 quidem
544 1611 599 1637 ant
619 1608 741 1643 liberos,
756 1617 862 1645 perse-

162 1659 344 1697 quebantur,
365 1659 419 1687 sed
438 1658 508 1687 illos
524 1657 716 1695 impetebant,
739 1657 793 1695 qni
814 1658 860 1685 vi-

163 1718 269 1737 rorum
289 1708 360 1737 bene
379 1708 557 1737 meritorum
571 1707 709 1744 posteris
729 1707 790 1735 vim
811 1706 860 1734 in-

154 1759 313 1797 serebant,
336 1768 434 1796 reyna
456 1758 687 1796 extorquebant.
740 1757 861 1796 [Locus

164 1811 221 1844 est,
256 1817 330 1846 pag.
356 1808 395 1838 95
418 1816 452 1837 Β.
476 1807 562 1836 Edit.
592 1806 729 1835 Illustris
759 1806 860 1843 Span-

163 1857 275 1886 hemii:
292 1857 346 1886 sed
361 1856 546 1886 vertendum
561 1859 629 1884 erat
642 1855 674 1883 in
689 1854 861 1892 posterior-

162 1907 232 1936 ibus
247 1906 365 1936 verbis:
383 1905 457 1935 Non
471 1905 550 1935 enim
564 1904 618 1934 ille
633 1903 765 1942 (scilicet
776 1903 861 1933 Con-

928 1412 1075 1450 stantius)
1097 1413 1199 1442 obsita
1219 1415 1365 1441 vetustate
1385 1413 1518 1442 crimina
1545 1413 1624 1441 seris

922 1462 1035 1499 poenis,
1052 1463 1144 1491 etiam
1159 1463 1191 1490 in
1195 1462 1287 1499 filios
1301 1465 1356 1490 aut
1372 1465 1502 1499 nepotes,
1514 1470 1623 1499 perse-

928 1513 1100 1550 quebatur;
1129 1521 1233 1540 verum
1256 1521 1323 1540 eum
1345 1512 1505 1549 impetebat
1534 1510 1569 1549 (i.
1596 1520 1623 1541 e.

928 1562 1162 1599 Magnentium)
1182 1562 1237 1600 qui
1251 1562 1388 1599 posteris
1402 1562 1540 1589 virorum
1554 1561 1626 1589 bene

927 1612 1103 1640 meritorum
1113 1612 1281 1649 Imperium
1292 1612 1323 1640 vi
1335 1612 1503 1649 cripuerat.
1533 1611 1625 1640 Unde

927 1665 1026 1700 patet,
1039 1662 1058 1690 J
1063 1662 1200 1690 ulianum
1215 1661 1300 1690 laudi
1316 1662 1453 1690 tribuere
1467 1661 1626 1691 Constan-

927 1711 982 1747 tio,
1005 1711 1088 1749 quod
1105 1719 1165 1739 non
1184 1710 1325 1739 imitatus
1344 1710 1384 1739 sit
1398 1713 1519 1739 veteres
1538 1711 1626 1740 Grae-

928 1770 991 1796 cos,
1024 1763 1080 1788 aut
1113 1759 1329 1788 Alexandrum
1343 1770 1350 1789 :
1386 1760 1527 1797 adeoque
1561 1769 1625 1788 non

927 1811 1019 1840 aliam
1030 1811 1114 1839 bello
1130 1811 1304 1839 Alexandri
1315 1810 1347 1839 in
1360 1811 1472 1840 Persas
1484 1820 1625 1840 caussam

927 1861 1118 1896 adtribuere,
1139 1860 1194 1888 sed
1211 1860 1317 1898 potius
1334 1860 1427 1890 aliam
1450 1869 1514 1889 non
1528 1860 1626 1890 fuisse

927 1910 1069 1940 innuere.
1109 1909 1145 1939 J.
1158 1909 1217 1948 B.]

163 2059 297 2095 should
322 2059 417 2094 have
444 2059 581 2094 wished
609 2063 648 2094 to
677 2069 817 2104 avenge
838 2069 886 2092 an
906 2057 1028 2102 injury
1052 2055 1222 2091 received
1251 2054 1348 2089 from
1368 2053 1432 2088 the
1455 2054 1624 2089 Samians

163 2117 261 2151 after
277 2116 383 2151 three
403 2117 650 2162 generations.
702 2116 784 2150 Nor
800 2116 830 2149 is
851 2114 914 2148 the
932 2113 1084 2148 defense
1100 2112 1143 2146 of
1155 2111 1245 2145 such
1262 2122 1361 2145 cases
1378 2111 1625 2156 satisfactory,

163 2173 283 2208 which
304 2185 357 2208 we
374 2173 450 2207 find
470 2174 506 2206 in
524 2172 703 2208 Plutarch
727 2172 785 2206 On
805 2172 857 2205 the
874 2171 1019 2215 clolayed
1028 2169 1271 2215 punishments
1290 2168 1335 2214 os
1344 2168 1396 2201 the
1410 2168 1507 2212 yods.
1551 2168 1626 2202 For

163 2230 228 2265 the
241 2231 376 2276 justice
393 2229 656 2264 administered
674 2229 723 2274 by
745 2228 828 2262 God
842 2228 871 2262 is
893 2238 964 2260 one
984 2226 1101 2271 thing,
1119 2224 1200 2259 that
1220 2224 1269 2269 by
1290 2234 1386 2264 men,
1400 2224 1568 2265 another,
1586 2234 1626 2258 as

165 2298 220 2321 we
242 2287 337 2321 shall
358 2287 456 2321 shew
472 2286 672 2320 hercafter.
732 2285 815 2318 Nor
845 2284 952 2328 again
973 2294 1042 2317 can
1062 2293 1115 2316 we
1136 2292 1249 2326 argue
1270 2280 1362 2320 that,
1383 2280 1540 2315 because
1562 2280 1625 2315 (16-

165 2344 363 2378 scendants
383 2343 528 2377 receive
541 2342 703 2376 honours
717 2341 790 2375 and
806 2340 965 2375 rewards
985 2339 1043 2373 for
1065 2338 1127 2373 the
1143 2338 1252 2372 merit
1268 2338 1310 2372 of
1319 2337 1416 2372 their
1429 2341 1629 2378 ancestors,

165 2399 355 2434 therefore
373 2400 402 2433 it
419 2400 447 2433 is
463 2399 542 2443 just
559 2399 640 2433 that
661 2398 749 2444 they
770 2397 901 2432 should
918 2397 965 2431 be
982 2395 1163 2442 punished
1180 2395 1239 2429 for
1256 2394 1353 2430 their
1368 2395 1509 2429 crimes.
1553 2394 1628 2428 For

165 2457 323 2491 benefits
353 2467 416 2490 are
442 2456 484 2490 of
512 2455 602 2489 such
623 2460 766 2496 nature,
796 2455 846 2500 by
866 2453 964 2489 their
988 2457 1136 2493 matter,
1166 2451 1248 2486 that
1279 2451 1369 2497 they
1389 2463 1474 2498 may
1493 2451 1540 2485 be
1561 2450 1626 2485 beo

167 2513 306 2549 stowed
326 2524 427 2558 upon
448 2524 521 2558 any
541 2511 696 2546 without
716 2512 848 2557 injury,
868 2511 935 2545 but
956 2509 1212 2555 punishments
1232 2520 1295 2542 are
1316 2513 1392 2543 not.

241 2570 310 2604 IX.
363 2570 431 2603 We
452 2569 545 2603 have
565 2569 704 2614 spoken
723 2568 764 2602 of
781 2568 845 2602 the
865 2578 961 2613 ways
982 2567 1019 2600 in
1040 2566 1158 2600 which
1180 2577 1202 2600 a
1222 2565 1483 2611 participation
1504 2565 1542 2598 in
1564 2563 1628 2598 the

167 2626 406 2673 punishment
426 2626 529 2660 takes
546 2626 651 2671 place
669 2626 704 2659 in
722 2635 973 2670 consequence
991 2623 1067 2657 ofa
1083 2622 1343 2669 participation
1361 2622 1399 2655 in
1416 2622 1480 2656 the
1500 2622 1626 2656 crime.

167 2685 203 2718 It
220 2684 380 2718 remains
400 2683 482 2717 that
502 2693 555 2717 we
576 2682 745 2717 consider
758 2681 934 2723 whether,
952 2680 1057 2714 when
1074 2679 1179 2714 there
1196 2680 1226 2714 is
1246 2683 1313 2713 not
1329 2690 1351 2712 a
1368 2678 1631 2723 participatiou

167 2741 204 2775 in
227 2740 291 2775 the
313 2741 462 2780 offense,
493 2739 598 2773 there
619 2750 704 2784 may
730 2738 778 2773 be
798 2739 836 2772 in
863 2737 926 2772 the
947 2736 1206 2782 punishment3
1237 2735 1311 2770 and
1340 2735 1440 2776 here,
1469 2734 1551 2769 that
1575 2745 1630 2769 we

168 2809 254 2843 may
283 2803 348 2831 not
373 2797 419 2831 be
441 2796 571 2830 misled
592 2796 641 2841 by
662 2795 726 2830 the
754 2795 949 2839 similarity
977 2794 1019 2828 of
1041 2793 1159 2827 words
1189 2792 1295 2827 when
1322 2791 1386 2827 the
1413 2791 1537 2838 things
1566 2802 1631 2826 are

169 2855 353 2895 different,
374 2865 427 2888 we
448 2858 546 2888 must
567 2853 674 2887 make
695 2864 716 2887 a
735 2852 805 2886 few
830 2851 1005 2886 remarks.

242 2912 292 2946 X.
346 2916 363 2946 1
396 2912 505 2952 first,
535 2910 617 2945 that
657 2921 679 2944 a
709 2910 864 2954 damage
897 2908 1053 2953 directly
1085 2906 1220 2941 caused
1248 2907 1278 2941 is
1306 2917 1376 2941 one
1408 2905 1526 2952 thing,
1557 2905 1632 2940 and

1639 391 1702 421 Pag.
1715 390 1769 415 860.
