2018 3204
216 131 306 165 ΘΑΓ.
327 130 434 174 xx]
800 132 867 166 DE
898 131 1078 167 POENIS.
1592 128 1674 167 253

215 255 313 282 mas
336 241 454 282 haud
483 241 709 283 levioribus
733 243 933 283 remediis
962 242 1286 297 restinyuenclus
1309 249 1382 292 est,
1417 256 1546 297 quam
1579 243 1675 283 libi-

216 307 391 347 dinibus
416 308 616 348 ardescit.

314 372 340 411 2
389 370 646 412 Punitionem
682 386 774 426 quae
808 371 902 413 huic
937 371 1006 412 fini
1037 372 1208 414 inservit
1241 377 1391 414 natura
1425 372 1552 414 cuivis
1586 386 1674 414 esse

185 455 187 458 ·
215 435 378 484 licitam,
404 435 472 490 qui
494 435 647 491 judicio
673 437 821 485 valeat,
854 443 896 478 et
920 437 1116 492 ejusmodi
1139 438 1302 494 generis
1332 443 1404 480 aut
1427 438 1593 494 paribus
1615 437 1673 480 vi-

215 501 281 543 tiis
304 515 385 542 non
409 506 612 550 tencatur,
638 516 689 542 ex
714 515 762 542 ea
786 516 878 556 quae
901 502 1037 543 verbis
1061 503 1106 544 fit
1131 503 1397 560 castigatione
1420 508 1606 560 apparet.

501 584 672 619 Amicum
692 586 873 630 castigare
894 586 941 620 ob
962 587 1133 621 meritam
1153 588 1312 629 noxiam,

500 641 671 676 Immune
692 645 748 676 est
768 643 922 684 facinus,
943 653 1071 677 verum
1092 644 1129 676 in
1150 648 1260 679 aetate
1280 645 1384 679 utile.

214 712 267 753 In
295 710 533 753 verberibus
563 727 660 754 vero
697 718 738 754 et
772 712 860 754 aliis
892 727 984 768 quae
1015 713 1232 755 coactionis
1265 713 1419 769 aliquid
1451 713 1672 763 continent,

214 776 430 819 discrimen
460 774 589 819 tinter
618 793 813 834 personas
844 778 989 833 quibus
1020 777 1063 819 id
1086 778 1206 820 liceat
1236 785 1308 820 aut
1330 793 1411 820 non
1442 778 1561 820 liceat
1593 793 1674 820 non

213 848 276 884 est
297 842 449 884 factum
471 858 496 885 a
518 849 667 885 natura
691 845 838 899 (neque
862 843 968 884 enim
993 843 1139 898 potuit,
1168 843 1246 884 nisi
1268 844 1377 898 quod
1397 843 1504 886 ratio
1528 858 1675 899 paren-

213 907 321 949 tibus
349 907 392 949 in
414 908 564 950 liberos
597 909 683 964 ejus
701 909 806 964 juris
830 908 1135 964 usurpationem
1159 923 1235 964 pro
1264 910 1433 951 affectus
1456 909 1674 951 necessitu-

213 973 308 1015 dine
342 973 603 1029 peeuliariter
632 974 903 1027 commendat)
937 974 1008 1015 sed
1039 988 1064 1015 a
1091 974 1261 1031 legibus,
1295 990 1386 1030 quae
1421 990 1674 1016 communem

212 1039 323 1081 illam
359 1039 522 1095 generis
564 1039 731 1081 humani
778 1039 1137 1096 propinquitatem,
1184 1040 1446 1082 vitandarum
1489 1040 1674 1082 rixarum

214 1119 327 1161 ergo,
363 1106 417 1146 ad
452 1105 658 1161 proximos
689 1105 859 1147 affectus
893 1105 1209 1155 restrinxerunt,
1245 1113 1292 1148 ut
1324 1107 1465 1149 videre
1494 1112 1556 1148 est
1585 1112 1674 1148 tum

213 1169 323 1220 alibi,
358 1176 445 1212 tum
478 1170 627 1213 Codice
654 1170 925 1220 Justinianeo‚
958 1170 1076 1212 titulo
1109 1171 1160 1213 de
1194 1172 1479 1214 emendatione
1506 1171 1674 1228 propin-

213 1249 412 1291 quorum:
449 1251 528 1292 quo
553 1243 595 1278 et
617 1236 717 1278 illud
741 1236 921 1292 pertinet
944 1237 1229 1293 Xenophontis
1250 1238 1303 1279 ad
1327 1237 1498 1279 milites:
1535 1238 1570 1280 εἰ
1595 1235 1674 1288 μὲν

213 1298 284 1345 ἐπ’
308 1299 466 1359 ἀγαθῷ
487 1298 682 1345 ἐκόλασα
708 1299 818 1351 τινά,
845 1300 950 1359 ἀξιῶ
974 1300 1151 1363 ὑπέχειν
1169 1298 1294 1355 δίκην,
1320 1306 1411 1346 οἵαν
1434 1302 1502 1346 καὶ
1527 1304 1672 1360 ’γονεῖς

216 1367 317 1412 υἱοῖς
359 1368 425 1411 καὶ
467 1362 711 1411 διδάσκαλοι
751 1369 889 1411 παισί.
948 1367 1016 1411 καὶ
1048 1367 1145 1428 *γάρ
1188 1366 1328 1428 ἰατροὶ
1367 1365 1574 1418 τέμνουσι
1606 1367 1673 1412 καὶ

214 1433 401 1476 καίουσιν
425 1430 492 1476 ἐπ’
518 1432 688 1490 ἀγαθῷ·
721 1435 761 1475 si
785 1449 903 1486 quem
928 1442 980 1475 zet
998 1436 1214 1488 poclessem
1235 1435 1468 1483 verberavi,
1499 1450 1674 1489 poenam

214 1500 359 1541 debere
382 1513 446 1541 me
461 1501 676 1554 profiteor,
702 1500 866 1554 qualem
883 1508 1087 1554 parentes
1109 1500 1234 1553 filiis,
1260 1508 1298 1541 et
1321 1501 1524 1554 magyisz‘rz⁸
1546 1501 1675 1542 (lisci-

207 1565 341 1620 palis.
403 1566 525 1607 Nam
557 1573 594 1606 et
626 1566 782 1606 medici
813 1573 1015 1619 ceyrotum
1046 1580 1120 1606 suo
1154 1566 1294 1619 ipsius
1323 1567 1429 1607 bono
1453 1574 1589 1608 urunt
1621 1581 1674 1608 ae

214 1635 372 1673 secant.
437 1629 674 1672 Lactantius
706 1630 810 1671 libro
833 1643 901 1672 VI:
937 1631 1068 1672 Jubet
1092 1632 1211 1672 Deus
1242 1639 1289 1672 ut
1320 1646 1475 1673 manus
1504 1640 1674 1674 nostras

213 1711 341 1750 super
378 1697 560 1737 minores
593 1710 751 1750 semper
785 1696 1027 1744 habeamus,
1064 1697 1140 1737 hoc
1175 1704 1246 1745 est,
1279 1704 1327 1737 ut
1354 1705 1579 1751 peccantes
1608 1712 1675 1740 eos

213 1762 406 1803 assiduis
437 1762 679 1803 verberibus
710 1762 991 1815 coo·ri9amus‚
1023 1776 1073 1803 oze
1104 1776 1249 1803 amore
1279 1763 1434 1803 inutili
1464 1771 1503 1803 et
1532 1764 1675 1804 indul-

211 1829 359 1882 yentia
381 1828 521 1868 nimia
545 1828 774 1868 educentur
797 1828 858 1868 acl
882 1827 1041 1868 malum
1067 1834 1106 1869 et
1130 1829 1191 1868 acl
1213 1828 1326 1869 vicia
1349 1829 1618 1870 nutriantur.

214 1943 409 1981 corriyz‘mus.
451 1942 540 1971 Idem
564 1941 601 1971 cle
622 1942 682 1971 Ira
710 1951 749 1972 11.
778 1943 827 1972 27.
869 1943 909 1972 In
976 1944 1090 1980 nentia,
1111 1947 1140 1973 et
1154 1945 1223 1973 alia
1237 1946 1490 1984 quoeprofuiura
1503 1949 1653 1985 torquent.

213 1994 262 2022 his
276 1997 364 2023 εναηι
379 1994 449 2022 boni
463 1994 676 2032 maqistratzts‚
696 1997 910 2032 parentesque,
1036 1996 1046 2014 ῑ
1077 1994 1163 2023 Inter
1183 2004 1338 2032 personas
1366 1996 1476 2034 quibus
1504 1996 1539 2024 id
1565 1996 1673 2035 liceat]

213 2046 241 2072 et
253 2042 387 2080 judices,
414 2053 544 2081 quorum
565 2043 732 2081 castiqatio
756 2043 801 2072 sic
824 2044 909 2073 acci·
979 2041 1062 2073 Vide
1079 2044 1298 2081 Augustinum
1312 2044 1504 2074 Enclzz’riclae'o
1518 2054 1587 2083 cap.
1605 2047 1654 2075 72.

207 2093 328 2132 pienda
341 2096 394 2130 est,
409 2092 558 2131 quomodo
572 2092 761 2130 scalpellum,
776 2096 803 2121 et
815 2092 912 2121 absti-

214 2227 324 2261 Plato
344 2227 417 2261 and
435 2227 596 2261 Tacitus.

288 2287 309 2316 2
350 2283 447 2317 That
467 2282 706 2328 punishment
722 2282 841 2317 which
863 2293 1020 2317 answers
1041 2283 1131 2318 such
1148 2294 1195 2317 an
1217 2283 1301 2324 end,
1321 2283 1350 2317 is
1371 2283 1495 2317 lawful
1511 2287 1548 2318 to
1566 2295 1676 2331 every

215 2350 286 2374 one
307 2339 350 2373 of
367 2339 485 2373 sound
498 2339 707 2384 judgment,
724 2339 805 2374 who
822 2340 851 2374 is
869 2344 935 2374 not
951 2340 1163 2385 implicatcd
1180 2341 1217 2373 in
1234 2340 1316 2374 that
1334 2351 1375 2374 or
1392 2339 1455 2374 the
1472 2340 1546 2376 like
1566 2341 1676 2382 vices,

215 2407 370 2441 appears
391 2396 486 2430 from
508 2395 606 2429 what
635 2396 664 2430 is
694 2396 774 2430 said
804 2396 847 2430 of
873 2396 999 2431 verbal
1024 2397 1253 2442 castigation.
1306 2397 1341 2431 It
1371 2397 1400 2431 is
1431 2409 1479 2430 an
1500 2399 1677 2443 uozofficz'al

214 2453 330 2497 Duty.
360 2451 447 2494 [See
471 2450 658 2495 Plautus]
719 2453 763 2486 In
791 2453 922 2498 stripes
943 2453 1017 2487 and
1038 2454 1247 2494 inflictions,
1268 2453 1386 2488 which
1416 2455 1565 2487 contain
1585 2465 1676 2501 any-

215 2509 321 2554 thing
342 2509 385 2543 of
401 2509 641 2554 compulsion,
662 2509 724 2543 the
746 2509 945 2544 difference
961 2510 1127 2544 between
1149 2510 1212 2544 the
1228 2521 1380 2556 persons
1398 2514 1437 2544 to
1451 2510 1569 2544 whom
1587 2511 1617 2546 it
1634 2512 1676 2553 is,

215 2565 289 2600 and
310 2570 349 2600 to
371 2565 491 2599 whom
512 2566 541 2600 it
561 2566 590 2600 is
612 2570 677 2600 not
697 2566 832 2607 lawful,
865 2567 893 2600 is
922 2570 988 2600 not
1009 2567 1116 2601 made
1144 2567 1194 2612 by
1213 2572 1358 2606 nature,
1381 2565 1467 2609 (nor
1488 2568 1596 2601 could
1617 2568 1676 2609 be,

216 2626 347 2668 except
367 2622 448 2656 that
465 2626 597 2656 nature
614 2623 827 2657 commends
849 2627 887 2656 to
907 2627 1057 2667 parents
1079 2623 1141 2657 the
1163 2624 1265 2657 office
1287 2623 1329 2657 of
1349 2624 1556 2669 correcting
1578 2624 1677 2659 their

217 2679 413 2721 children)
435 2679 502 2713 but
523 2679 571 2724 by
596 2679 659 2713 the
681 2679 778 2720 laws,
808 2679 936 2719 which,
963 2679 1022 2713 for
1044 2679 1108 2714 the
1131 2680 1218 2714 sake
1248 2680 1290 2714 of
1307 2680 1478 2725 avoiding
1498 2682 1678 2725 quarrels,

217 2736 310 2770 have
337 2735 528 2770 restricted
551 2735 632 2769 that
659 2736 809 2779 general
830 2736 986 2770 relation
1008 2734 1065 2778 [of
1088 2741 1291 2770 correctors
1313 2737 1386 2770 and
1414 2737 1621 2780 corrected]
1637 2746 1676 2773 to

216 2793 280 2828 the
297 2797 443 2827 nearest
461 2792 589 2838 family
607 2793 790 2833 relatives,
811 2803 849 2827 as
872 2803 924 2827 we
945 2804 1029 2838 may
1049 2804 1110 2828 see
1132 2794 1169 2827 in
1188 2793 1250 2827 the
1270 2793 1394 2828 Codex
1414 2794 1457 2828 of
1477 2795 1675 2836 Justinian,

218 2850 314 2885 Title
332 2850 386 2885 Dc
403 2850 637 2885 emendatione
650 2850 949 2896 propinquorum.
990 2850 1041 2885 So
1063 2850 1140 2886 also
1156 2851 1193 2885 in
1205 2850 1428 2897 Xenophon,
1446 2852 1672 2887 Lactantius.

1694 449 1789 473 Thom.
1800 450 1824 477 2,
1836 450 1859 472 2.

1693 483 1785 510 quaest.
1795 481 1832 504 33.
1845 481 1868 503 3.

1692 590 1782 644 iPllault.
1799 590 1878 615 ΤΦ-(ιι.

1693 1257 1733 1279 De
1744 1257 1850 1286 Empt‘d.

1693 1288 1754 1317 (Ἦν.
1767 1293 1790 1310 ν.
1804 1288 1826 1311 8.
1844 1286 1887 1317 §8-

1691 1652 1755 1682 Cap.
1767 1652 1803 1677 19.
1817 1657 1842 1675 n.
1856 1652 1879 1675 8.
