2018 3204
1555 173 1635 213 309

178 180 268 216 οη.
289 180 396 225 xx]
763 181 830 216 DE
861 179 1042 216 POENIs.

1286 287 1493 330 Diodorus
1518 286 1630 329 Sicu·
1654 296 1729 321 orat
1743 296 1814 321 Fun

1650 334 1696 351 seu
1709 328 1784 350 xxxi.
1796 329 1818 351 5.

785 375 886 401 τους
925 371 1279 414 παρανομονντας
1320 351 1568 412 ἀνθρώπους
1605 349 1630 404 ἢ
1653 366 1771 390 Βίὸῑ-ἰν.
1787 365 1824 393 17-

175 288 363 339 minibus,
387 296 432 332 ut
456 289 605 347 Lysias
628 288 791 339 indicat,
821 289 991 345 injustos
1013 287 1231 345 puniendo.

175 354 239 396 lus
277 354 330 396 de
365 370 412 397 eo
446 356 502 397 sic
536 354 744 410 loquitur:

176 415 385 467 δυνάστας
416 417 713 480 ὑπερηφάνους
743 439 1016 468 αποκτειιας,
1049 439 1128 466 τας
1158 417 1310 466 πόλεις
1333 416 1533 471 ἐποίησεν
1565 437 1629 461 ευ-

175 481 386 534 δαὶμονας·
415 488 602 527 homines
626 486 804 539 injustos
827 494 866 527 et
889 500 1005 539 reyes
1033 485 1255 527 insolentes
1280 486 1459 526 tollendo
1484 486 1630 526 beatas

174 552 381 592 reddebat
405 553 615 593 civitates.
684 550 794 591 Alibi
817 550 946 591 dixit:
986 547 1157 601 ἐπῆλθε
1184 549 1265 602 τὴν
1289 545 1536 602 οἰκουμένην
1561 568 1629 592 κο-
1648 567 1673 584 v.
1686 560 1725 587 76-

173 613 318 676 λάζων
340 635 440 662 τους
463 612 641 660 ἀδίκους·
675 617 815 657 orbem
839 616 945 656 obiit
968 630 1122 669 poenas
1155 617 1206 657 de
1230 617 1394 670 iniquis
1425 623 1628 670 eoepetens.

173 681 253 722 Dio
277 680 530 723 Prusaeensis
554 681 605 722 de
629 681 798 722 eodem.
824 700 921 727 τους
940 700 1148 739 πονηρους
1171 677 1416 761 ανθρώπους
1437 677 1627 741 ἐκόλαζε,

172 766 242 790 και
268 748 355 790 τῶν
390 744 678 806 υπερηφανων
702 743 936 804 αιθρώπων
970 743 1158 789 κατέλυε
1193 750 1260 789 καὶ
1292 743 1514 808 αφῃρεῖτο
1546 765 1631 796 την

172 809 382 869 ἐξουσίαν·
416 814 603 854 homines
627 813 763 854 malos
778 813 1010 866 puniebat,
1037 819 1076 852 et
1099 812 1302 866 superbor
1306 826 1374 851 um
1405 825 1540 864 reyna
1563 812 1632 851 de-

173 878 382 928 struebat,
414 883 491 919 aut
520 879 568 919 in
599 878 710 919 alios
742 877 1039 931 transferebat
1104 875 1312 917 Aristides
1346 875 1389 915 in
1424 875 1630 916 Panathe-

172 943 289 984 naico
313 943 371 985 ait
392 956 484 984 eum
508 948 696 998 suscepta
717 942 917 983 communi
940 940 1107 982 humani
1130 940 1294 996 generis
1317 954 1416 981 cura
1437 939 1632 981 meruisse
1649 956 1725 980 rom.
1738 963 1756 981 1.
1770 964 1814 988 pp.

171 1008 214 1049 in
247 1008 360 1049 Deos
393 1008 555 1051 referri.
626 1007 840 1049 Laudatur
872 1006 1059 1048 similiter
1084 1005 1268 1046 Theseus
1304 1005 1413 1060 quod
1448 1005 1633 1047 latrones
1651 987 1703 1017 ¹⁸⁷
1719 988 1770 1011 ¹⁸⁸

174 1073 356 1121 Scirona,
382 1073 508 1122 Sinin,
535 1078 577 1115 et
600 1073 826 1114 Procusten
849 1071 1071 1119 sustulerit,
1095 1085 1216 1126 quem
1241 1070 1296 1112 sic
1320 1071 1372 1112 de
1395 1084 1439 1112 se
1462 1070 1633 1126 loquen-

171 1144 255 1181 tem
282 1140 558 1196 Schplicibus
580 1137 735 1180 inducit
759 1136 978 1192 Euripides
999 1137 1120 1190 (vers.
1148 1137 1248 1185 340,
1274 1137 1405 1191 341):

457 1216 610 1251 Pridem
629 1216 795 1250 facinora
814 1226 951 1250 nomen
970 1215 1042 1250 hoc
1062 1226 1130 1261 per
1153 1215 1336 1250 Graeciam

454 1273 549 1307 Mihi
570 1273 765 1314 dederunt,
786 1266 903 1307 ultor
922 1277 964 1307 ut
985 1272 1168 1307 scelerum
1188 1283 1308 1307 vocer.

172 1338 363 1386 Valerius
392 1338 598 1381 Maximus
622 1338 673 1380 de
707 1338 876 1380 eodem:
913 1339 1120 1393 quicquid
1151 1339 1305 1393 ubique
1335 1339 1516 1380 monstri
1549 1345 1631 1379 aut
1648 1358 1706 1382 Lib.
1721 1365 1747 1382 v
1759 1358 1782 1381 3.
1796 1364 1823 1382 n.

171 1406 342 1447 sceleris
352 1406 462 1460 ficit,
487 1407 644 1446 virtute
669 1405 808 1445 animi
833 1419 885 1445 ac
908 1405 1057 1445 robore
1081 1405 1243 1445 dextrce
1268 1405 1528 1445 comminuit.
1647 1390 1670 1412 ³
1682 1393 1737 1414 ω’

274 1473 300 1511 3
350 1470 417 1513 Sic
445 1484 527 1511 non
553 1469 786 1511 dubitamus
811 1469 909 1524 quin
929 1468 1043 1524 justa
1072 1468 1153 1510 sint
1182 1469 1290 1510 bella
1319 1468 1361 1509 in
1393 1483 1462 1509 eos
1489 1467 1559 1522 qui
1589 1467 1630 1508 in

170 1542 364 1590 parentes
384 1535 497 1591 impii
519 1541 625 1582 sunt,
657 1535 798 1589 quales
823 1533 1020 1590 Sogdiani
1049 1539 1269 1588 antequam
1294 1548 1362 1575 eos
1396 1533 1630 1574 Alexander
1649 1548 1714 1573 Plut
1731 1550 1849 1574 aer-ort.

171 1600 277 1642 hanc
307 1600 514 1643 feritatem
545 1600 788 1641 dedoceret:
823 1599 865 1640 in
901 1613 969 1641 eos
1004 1598 1073 1654 qui
1104 1597 1308 1654 ⁷h0spites
1339 1598 1553 1640 occidunt:
1589 1597 1630 1639 in
1648 1580 1726 1635 ’τ’ἔῶζ
1735 1581 1848 1635 'bime'

1650 691 1727 715 Orat.
1742 696 1762 715 1.
1779 691 1820 714 De

1649 722 1712 751 Περ.
1725 728 1751 752 p.
1766 722 1794 749 17
1804 727 1832 744 n.

930 1723 1046 1751 passus
1060 1723 1191 1750 ιιψινιιτ,
1200 1723 1263 1752 pro
1279 1714 1382 1743 aliis
1370 1724 1403 1742 tn
1417 1714 1552 1743 homines
1566 1723 1629 1743 ma-

934 1762 980 1792 los
995 1763 1136 1801 impetum
1149 1763 1296 1800 sumebat,
1318 1763 1408 1802 (pag.
1425 1765 1462 1793 37
1479 1763 1527 1801 c.)

170 1717 356 1754 Respondet
371 1716 529 1745 Theseus:

200 1765 284 1792 Ὅσοι
296 1766 320 1798 γ’
333 1766 474 1798 ὑβρισταί·
488 1765 596 1798 χρηστὰ
608 1765 630 1790 δ’
642 1765 674 1791 οὐ
687 1764 847 1797 κολάζομεν.

202 1809 348 1840 Injuriosis.
383 1808 454 1833 Nam
474 1809 556 1833 bonos
573 1815 626 1832 non
643 1809 783 1838 tangimus.

170 1861 361 1890 Plutarchus
393 1862 424 1889 in
453 1862 520 1899 ejus
546 1862 626 1890 vita:
662 1860 867 1896 ἀπήλλαττε

171 1911 232 1946 ’τήν
247 1910 395 1940 Ἐλλάδα
411 1911 521 1940 ὁεινῶν
535 1910 712 1948 τυράννων·
722 1911 868 1948 pessimis

994 1813 1006 1831 7
1030 1812 1218 1850 Exemplum
1244 1813 1340 1850 istud,
1365 1813 1451 1851 quod
1474 1813 1506 1841 in
1531 1814 1635 1851 prima

934 1861 1083 1890 Editione
1100 1862 1228 1899 legitur,
1249 1862 1281 1890 in
1301 1862 1369 1890 aliis
1389 1863 1533 1891 omnibus
1553 1863 1635 1892 exci-

934 1912 1033 1940 derat.
1073 1911 1186 1948 Neque
1201 1911 1284 1940 enim
1298 1911 1363 1940 ulla
1373 1912 1434 1941 fuit
1448 1913 1530 1941 ratio
1546 1913 1634 1941 Auc-

934 1960 995 1989 tori
1017 1960 1181 1998 ejiciendi:
1214 1964 1247 1990 et
1274 1961 1305 1989 in
1336 1962 1441 1990 animo
1469 1962 1632 1998 habuerat,

934 2010 1019 2048 quod
1052 2010 1090 2038 de
1115 2010 1273 2039 veteribus
1302 2011 1424 2049 Scythis
1450 2012 1587 2040 refertur
1615 2020 1634 2039 a

935 2059 1128 2095 STRABONE‚
1149 2058 1264 2097 Geoqr.
1284 2060 1426 2091 Lib.vn.
1442 2062 1552 2098 p.300.
1586 2059 1632 2089 0-

169 1961 312 1999 {yrannis
355 1960 512 1990 Graeciam
552 1960 707 1990 liberavit.
763 1959 864 1990 Item:

169 2010 260 2039 οὐδὲν
280 2010 378 2039 αὐτὸς
395 2010 601 2046 ἀδικούμενος
619 2009 767 2047 ὥρμησεν
785 2009 866 2047 ὑπὲρ

168 2059 283 2089 ἄλλων
305 2059 361 2088 ἐπὶ
387 2060 464 2088 τοὺς
490 2059 660 2095 πονηρούς·
693 2059 774 2087 nihil
802 2059 867 2096 ipse

168 2225 266 2261 from
286 2225 422 2260 others.
467 2225 609 2260 Indeed
626 2225 655 2259 it
671 2225 700 2259 is
722 2236 824 2259 more
848 2225 1079 2260 honourable
1105 2229 1144 2260 to
1165 2225 1301 2271 punish
1325 2225 1390 2260 the
1417 2226 1568 2271 injuries
1592 2227 1635 2262 of

170 2282 295 2317 others
315 2282 406 2316 than
423 2292 516 2327 your
532 2292 623 2322 own,
641 2282 678 2315 in
699 2282 917 2326 proportion
934 2293 984 2322 as,
1005 2282 1043 2315 in
1061 2293 1154 2327 your
1171 2293 1262 2322 own,
1280 2282 1309 2316 it
1329 2283 1358 2316 is
1380 2286 1418 2317 to
1439 2283 1486 2317 be
1501 2283 1630 2318 feared

169 2339 241 2372 lest
268 2349 290 2371 a
314 2349 447 2383 person
474 2348 568 2383 may,
589 2338 638 2382 by
659 2337 722 2371 the
752 2349 857 2372 sense
888 2338 930 2371 of
956 2338 1012 2372 his
1034 2349 1116 2373 own
1136 2339 1235 2383 pain,
1260 2338 1380 2373 either
1398 2340 1533 2374 exeeed
1555 2339 1628 2375 due

170 2405 349 2434 measure,
370 2405 411 2428 or
428 2394 554 2428 vitiate
575 2394 629 2428 his
651 2394 752 2427 mind
772 2394 857 2428 with
875 2395 1017 2429 malice.

242 2454 263 2484 2
304 2450 388 2484 And
415 2461 463 2484 on
490 2450 562 2484 this
591 2455 748 2485 account
779 2451 958 2486 Hercules
978 2452 1007 2485 is
1027 2451 1174 2497 praised
1202 2451 1253 2496 by
1283 2451 1348 2485 the
1375 2451 1542 2486 ancients
1569 2452 1629 2487 for

170 2507 306 2551 having
327 2506 431 2541 freed
453 2506 516 2541 the
544 2506 630 2540 land
659 2507 755 2541 from
783 2507 944 2549 Antaeus,
973 2509 1124 2549 Busiris,
1151 2508 1363 2548 Diomedes,
1392 2508 1465 2542 and
1490 2509 1629 2543 similar

170 2568 313 2609 tyr-ants
328 2577 336 2604 3
361 2563 505 2608 having,
523 2574 561 2597 as
580 2564 721 2597 Seneca
737 2575 829 2609 says,
846 2565 977 2610 passed
996 2564 1155 2609 through
1173 2563 1237 2598 the
1255 2564 1342 2598 land
1359 2569 1425 2599 not
1441 2565 1480 2598 in
1496 2576 1630 2600 coneu-

170 2620 350 2666 piscence‚
372 2619 440 2654 but
465 2620 502 2653 in
523 2621 601 2664 just
623 2620 864 2665 indignation,
886 2621 959 2654 and
980 2621 1065 2655 thus
1085 2621 1196 2666 being
1217 2620 1280 2655 the
1305 2621 1440 2655 author
1467 2621 1510 2655 of
1523 2626 1630 2667 great

171 2677 267 2721 good
285 2682 323 2710 to
342 2687 438 2710 man.
504 2677 554 2710 So
583 2676 722 2722 Lysias,
742 2677 938 2717 Diodorus,
957 2677 1029 2711 Dio
1051 2677 1288 2718 Prusaeensis,
1305 2677 1497 2712 Aristides.
1531 2678 1628 2713 The-

171 2744 254 2767 scus
289 2733 318 2767 is
352 2732 498 2778 praised
528 2733 566 2766 in
602 2732 676 2766 like
709 2744 863 2767 manner
892 2733 950 2766 for
978 2734 1169 2778 removing
1199 2733 1263 2768 the
1293 2733 1446 2768 robbers
1487 2734 1629 2776 Sciron,

174 2790 282 2831 Sinis,
300 2789 372 2823 and
393 2790 600 2823 Procustes.
665 2789 735 2823 See
753 2789 960 2834 Euripides,
977 2789 1148 2823 Valerius
1166 2789 1359 2824 Maximus.

244 2850 264 2881 3
305 2845 406 2880 Thus
423 2856 476 2879 we
493 2845 540 2879 do
558 2849 623 2879 not
640 2845 756 2880 doubt
774 2845 854 2879 that
871 2857 944 2879 war
961 2846 990 2880 is
1006 2846 1085 2890 just
1101 2846 1245 2890 against
1261 2845 1366 2881 those
1383 2845 1464 2881 who
1481 2857 1544 2882 are
1561 2847 1628 2882 im-

169 2903 276 2949 pious
290 2903 432 2948 against
445 2901 542 2937 their
554 2906 724 2947 parents3
741 2901 830 2936 such
844 2913 882 2936 as
895 2901 958 2937 the
973 2902 1153 2948 Sogdians
1165 2913 1270 2944 were,
1280 2902 1408 2938 before
1420 2903 1629 2939 Alexander
