2018 3204
254 148 343 184 CAP.
362 146 487 194 XIX]
683 150 751 184 DE
782 150 911 185 JURE
943 149 1274 186 SEPULTURAE.
1629 145 1709 186 231

254 257 366 314 regis
393 256 685 306 cumulaverat,
721 272 746 300 a
774 258 885 316 regis
919 258 1123 301 interfecti
1146 258 1228 301 filio
1265 258 1414 301 Oreste
1448 258 1572 301 humo
1598 274 1711 301 man-

255 323 395 365 datum
425 324 631 365 Homerus
661 331 862 366 memorat
892 325 1092 382 Odysseae
1122 324 1259 367 tertio.
1317 324 1399 366 Sed
1423 330 1465 366 et
1494 325 1604 380 apud
1627 326 1710 367 Ro·
1729 333 1910 363 Vv-sss‘9›³¹0·

252 402 394 430 manos
418 389 619 444 Ulpianus
641 403 813 445 corpora
835 404 975 432 eorum
998 390 1068 446 qui
1091 389 1234 446 eapitis
1256 390 1503 432 damnantur
1526 391 1709 447 cognatis
1727 397 1910 451 0227ssAEss

253 453 314 496 ait
347 455 538 511 neganda
572 469 653 495 non
688 469 799 497 esse:
834 455 914 497 imo
951 461 994 497 et
1027 455 1272 511 quibuslibet
1306 455 1539 512 petentibus
1573 456 1710 498 danda

253 519 408 561 censuit
433 519 585 561 Paulus
601 519 925 575 jurisconsultus.
984 522 1041 563 Et
1064 521 1342 563 Diocletianus
1364 536 1412 563 ac
1435 521 1709 564 Maximianus
1727 528 1785 553 Lib·
1799 529 1836 554 iii·
1850 529 1914 555 ibid·

252 585 529 639 Imperatores
551 585 611 626 ita
633 586 959 640 responderunt:
986 589 1184 629 obnoxios
1206 589 1435 630 eriminum
1457 589 1587 643 diyno
1609 603 1708 644 sup·
1726 593 1827 657 {felgff
1841 596 1913 621 (λάε

244 650 382 705 plicio
406 652 578 704 affectos
600 652 854 706 ‘sepulturae
879 654 1000 694 tradi
1019 668 1103 694 non
1125 661 1326 695 vetamus.

354 717 380 756 2
428 715 622 773 Legimus
643 716 806 772 quidem
830 717 872 758 in
895 717 1073 759 historiis
1097 718 1283 774 exempla
1311 733 1465 768 eorum,
1490 719 1582 774 ⁵qui
1604 718 1708 761 inse-

250 780 356 837 pulti
385 781 533 837 abjecti
557 788 662 832 sunt,
686 783 966 838 frequentiora
997 783 1181 825 civilibus
1203 798 1326 838 quam
1357 784 1538 826 externis
1565 784 1707 826 bellisz

251 852 294 889 et
314 846 435 888 hodie
458 847 642 890 videmus
666 849 921 903 quorundam
944 848 1230 890 damnatorum
1254 863 1427 904 corpora
1450 849 1520 891 diu
1542 848 1585 890 in
1607 849 1708 905 pub-

249 911 326 954 lico
347 919 564 968 conspectu
584 913 782 969 relinqui:
808 914 877 970 qui
899 919 1037 956 tamen
1060 928 1146 955 mos
1169 928 1222 955 an
1245 914 1474 957 laudandus
1496 914 1550 957 sit
1572 915 1708 971 dispu-
1727 919 1858 944 Rom-‘¹⁶

1727 951 1848 974 consuet.
1860 951 1878 974 f.
1888 951 1926 974 12.

250 984 353 1028 tant,
379 993 461 1020 non
484 979 634 1035 politici
659 985 831 1029 tantum,
856 979 928 1021 sed
951 985 993 1021 et
1018 979 1210 1037 theologi.
1722 981 1843 1043 ssssggjg
1853 987 1920 1041 2230*

1725 1043 1742 1064 5
1777 1049 1790 1064 ν
1807 1042 1836 1065 in
1850 1042 1925 1066 Verb-

344 1046 371 1086 3
420 1044 587 1095 Contra,
611 1045 799 1087 laudatos
823 1044 1006 1087 videmus
1029 1045 1098 1101 qui
1121 1044 1284 1101 sepeliri
1302 1045 1514 1101 jusserunt
1534 1061 1707 1103 corpora
1724 1041 1824 1102 3322,st

249 1124 404 1159 eorum,
428 1110 496 1166 qui
520 1110 562 1153 id
585 1111 716 1166 ipsum
737 1110 825 1152 aliis
846 1125 928 1152 non
946 1110 1229 1166 permiserant,
1254 1117 1301 1153 ut
1318 1112 1562 1154 Pausaniam
1582 1114 1708 1154 Lace·
1727 1103 1826 1133 Qum·
1839 1103 1877 1127 ¹³·

250 1175 543 1217 daemoniorum
575 1191 729 1233 regem,
760 1176 830 1232 qui
860 1175 1052 1218 incitatus
1087 1177 1139 1218 ab
1165 1176 1374 1234 AEginetis
1407 1184 1454 1220 ut
1488 1179 1708 1220 Persarum

247 1241 401 1283 factum
422 1241 464 1282 in
485 1241 707 1284 Leonidam
729 1241 848 1284 simili
869 1242 978 1284 facto
999 1242 1275 1293 ulcisceretur,
1297 1244 1505 1286 eonsilium
1529 1250 1576 1286 ut
1598 1259 1641 1286 se
1661 1259 1709 1286 ae

251 1306 396 1349 Graeco
436 1308 598 1350 nomine
632 1307 847 1365 indignum
887 1307 1040 1363 rejecit.
1104 1309 1228 1364 Apud
1270 1309 1486 1365 Papinium
1525 1311 1708 1352 Theseus

251 1372 468 1415 Creontem
492 1373 548 1415 sic
570 1373 791 1429 alloquitur
812 1374 967 1427 (Theb.
994 1387 1070 1416 ΧΠ.
1098 1373 1229 1429 780):

820 1454 928 1488 Vade
948 1457 1030 1488 atra
1050 1453 1203 1488 daturus

494 1510 694 1556 Supplicia,
714 1510 943 1555 extremique
965 1514 1092 1545 tamen
1112 1521 1240 1546 secure
1261 1511 1457 1557 sepulchri.

248 1574 529 1616 Alexandrum
559 1589 721 1630 quoque
755 1575 974 1616 Jannaeum
1006 1589 1159 1632 regem,
1197 1575 1266 1630 qui
1293 1575 1334 1617 in
1367 1582 1548 1619 mortuos
1579 1591 1707 1634 popu-
1723 1593 1923 1627 sommam.

248 1641 355 1681 lares
379 1641 500 1682 valde
523 1640 834 1682 contumeliosus
858 1641 1007 1689 suerat,
1039 1641 1288 1696 sepelierunt
1314 1642 1526 1685 Pharisaei.
1587 1644 1708 1694 Quod
1726 1624 1924 1649 w'e‘Gonon'

248 1705 282 1746 si
303 1706 417 1746 Deus
447 1705 652 1748 interdum
676 1706 898 1761 sepulturae
924 1705 1090 1761 jactura
1113 1707 1310 1761 quosdam
1342 1707 1485 1762 puniit,
1508 1708 1604 1750 feeit
1631 1709 1709 1750 hoc

248 1785 321 1812 suo
351 1771 446 1826 jure
486 1786 612 1827 supra
647 1771 759 1828 leges
800 1771 1056 1813 constitutus.
1126 1773 1182 1814 Et
1216 1772 1326 1827 quod
1365 1772 1546 1815 Goliathi
1586 1781 1709 1829 caput

247 1837 387 1878 David
421 1837 602 1879 servavit
633 1836 821 1887 ostentui,
858 1836 1010 1879 factum
1045 1836 1198 1879 scilieet
1233 1837 1275 1878 in
1306 1837 1591 1896 alienigenam,
1627 1840 1710 1882 Dei

246 1955 410 1985 Philonem
426 1959 535 1985 contra
547 1956 705 1991 Flaccum,
720 1955 876 1994 (pag.977
894 1955 942 1994 A.)
1011 1956 1108 1994 (Ant.
1137 1955 1216 1986 Jud.
1240 1956 1310 1985 Lib.
1335 1965 1417 1987 xm.
1437 1966 1463 1987 e.
1486 1967 1536 1987 xv.
1560 1957 1622 1996 ξεί.
1644 1958 1710 1988 Ed.

306 2011 316 2027 Β
340 2006 403 2044 Qui
417 2006 562 2044 insepulti
576 2005 687 2042 abjecti
700 2005 783 2044 sunt]
806 2007 844 2035 Id
858 2006 942 2036 άτα-
1009 2005 1170 2043 Hudson.)
1220 2006 1313 2035 Adde
1345 2006 1578 2041 Quintilianum
1607 2008 1710 2037 deela-

247 2056 311 2094 φὶᾳ
328 2056 468 2094 ὑβρίζειν
482 2057 543 2085 τὸν
557 2056 669 2093 νεκρὸν
683 2057 762 2085 dixit
780 2055 942 2094 Josephus
1009 2056 1149 2085 matione
1165 2059 1290 2094 quarta,
1305 2056 1388 2094 (cap.
1404 2057 1445 2086 ix.
1460 2057 1526 2088 Ed.
1540 2058 1708 2096 Burman.)

244 2105 277 2134 in
305 2109 406 2134 morte
433 2105 454 2135 J
458 2106 618 2134 udaeorum
645 2105 729 2143 reg-is
757 2105 941 2141 Alexandri,

245 2267 365 2302 which
388 2278 474 2301 man
500 2267 530 2302 is
556 2267 677 2302 made.
737 2267 912 2312 Egisthus
933 2278 1004 2302 was
1026 2267 1159 2302 buried
1187 2267 1237 2313 by
1265 2268 1426 2303 Orestes.
1474 2267 1621 2316 Among
1644 2270 1710 2305 the

245 2325 423 2364 Romans,
442 2323 507 2358 the
527 2324 655 2358 bodies
681 2323 723 2357 of
744 2323 850 2358 those
871 2324 1050 2358 executed
1071 2335 1166 2359 were
1191 2328 1257 2358 not
1281 2325 1414 2359 denied
1437 2329 1476 2360 to
1497 2326 1595 2361 their
1614 2327 1710 2362 rela-

246 2381 361 2421 tives3
392 2391 434 2414 or
458 2391 551 2414 even
578 2384 616 2414 to
642 2391 714 2425 any
735 2380 816 2414 who
841 2381 955 2415 asked
985 2381 1044 2415 for
1064 2380 1178 2422 them,
1209 2392 1248 2415 as
1269 2382 1406 2416 Paulus
1434 2381 1604 2429 thought.
1659 2384 1708 2419 So

246 2437 457 2471 Diocletian
476 2436 550 2470 and
570 2437 772 2470 Maximian
793 2437 969 2472 directed.

320 2497 341 2527 2
372 2493 570 2538 Examples
592 2493 635 2527 of
651 2493 779 2528 bodies
802 2493 945 2529 thrown
968 2498 1033 2528 out
1057 2494 1253 2536 unburied,
1273 2506 1336 2529 are
1353 2506 1457 2529 more
1478 2506 1649 2530 common
1669 2497 1708 2531 in

247 2549 330 2584 civil
352 2549 443 2583 than
468 2550 506 2583 in
526 2550 671 2595 foreign
692 2561 794 2585 wars.
846 2550 930 2585 And
958 2555 996 2585 at
1018 2551 1090 2585 this
1115 2551 1197 2597 day,
1219 2562 1320 2586 some
1341 2552 1525 2586 criminals
1545 2563 1608 2587 are
1627 2553 1709 2598 gib-

246 2606 361 2641 beted
377 2606 449 2640 and
467 2606 536 2640 left
553 2607 590 2639 in
607 2606 731 2651 public
752 2607 842 2641 view
857 2620 864 2641 z
887 2608 954 2641 but
971 2607 1137 2642 whether
1154 2608 1226 2642 this
1244 2608 1290 2642 be
1308 2619 1330 2643 a
1346 2608 1518 2643 laudable
1535 2611 1709 2654 practice,

247 2663 279 2698 is
296 2663 466 2708 disputed
487 2662 578 2697 both
596 2663 645 2708 by
662 2663 871 2708 politicians
892 2664 964 2698 and
982 2664 1031 2709 by
1052 2664 1293 2709 theologians.

318 2723 339 2754 3
371 2719 428 2753 On
460 2719 524 2754 the
554 2719 661 2753 other
689 2719 799 2760 hand,
824 2731 877 2754 we
900 2720 977 2754 find
1002 2732 1154 2766 persons
1180 2721 1338 2766 praised,
1361 2721 1421 2756 for
1445 2721 1618 2767 ordering
1642 2722 1707 2758 the

245 2776 375 2811 bodies
396 2776 439 2810 of
455 2776 561 2810 those
589 2783 628 2810 to
654 2776 701 2811 be
729 2776 859 2811 buried
886 2776 966 2811 who
987 2776 1060 2811 had
1082 2777 1302 2812 themselves
1323 2778 1471 2813 refused
1492 2778 1555 2813 the
1576 2780 1647 2814 rite
1668 2784 1706 2814 to

246 2833 384 2873 others,
411 2844 450 2867 as
476 2833 688 2867 Pausanias.
743 2833 791 2867 So
823 2834 962 2868 Statius
983 2834 1109 2868 makes
1131 2834 1294 2869 Theseus
1324 2840 1385 2870 aet
1414 2839 1453 2870 to
1475 2835 1606 2871 Creon.
1657 2837 1706 2871 So

246 2889 312 2926 the
335 2889 530 2925 Pharisees
553 2889 683 2925 buried
711 2890 922 2925 Alexander
941 2891 1127 2926 Jannoeus.
1171 2891 1211 2926 If
1229 2891 1313 2927 God
1333 2891 1516 2938 punished
1536 2903 1637 2928 some
1658 2893 1708 2939 by
