2018 3204
90 318 123 342 111
137 320 205 343 Aur.
221 319 282 342 Car.

93 350 168 377 I’ylh.
183 356 209 379 p.
221 349 273 373 192.

91 380 105 402 1
107 381 121 425 ξ
125 396 131 402 .
146 380 270 403 Controv.

91 411 150 463 lib.
166 439 202 462 iii.
217 440 254 462 45.

93 471 131 493 De
143 470 202 497 Ira,
217 470 288 493 ii.31.

92 510 174 540 Apud
187 511 259 534 Stob.

93 542 174 564 Serm.
188 541 225 564 46.

93 774 150 797 Lib.
165 773 221 796 xiii.
230 773 268 796 21.

93 907 152 931 Lib.
167 905 230 930 xvii.
245 906 283 930 38.

94 1365 159 1395 Pag.
174 1366 204 1389 90
217 1371 243 1388 Α.

312 192 394 231 282
903 197 971 231 DE
1002 195 1184 230 POENIS.
1612 196 1706 240 [LIB.
1725 198 1774 233 II.

310 304 451 354 rooles,
484 300 674 353 ‘Seneca
706 304 838 345 uinter
865 303 1035 344 Judaeos
1067 301 1199 353 Phile,
1233 302 1342 345 inter
1369 302 1583 346 historicos
1610 305 1775 362 Thucy-

311 370 438 420 dides,
471 369 579 412 inter
605 369 860 411 Christianos
894 368 1058 424 plurimi
1090 368 1374 424 prodiderunt.
1447 371 1499 411 Si
1525 372 1776 425 puniendus

310 445 382 485 est,
407 435 538 491 inquit
557 436 724 485 Seneca,
746 435 989 489 cuicumque
1005 449 1197 489 pravum
1218 436 1534 490 maleficumque
1557 437 1776 491 inqenium,

309 510 381 550 est,
403 517 535 556 poena
565 502 772 542 neminem
807 501 999 555 excipiet.
1073 500 1250 556 Sopater
1272 515 1399 543 vero:
1434 498 1508 547 ἕως
1543 497 1595 544 ἄν
1626 521 1690 548 τις
1721 499 1773 548 ὠς

309 563 642 626 ἀναμαρτήτους
666 562 844 625 κολάζῃ,
881 563 936 609 τό
970 562 1131 624 μέτρον
1163 563 1416 625 ὑπερβαίνει
1447 568 1527 618 τῆς
1551 564 1666 610 κατὰ
1687 564 1771 627 φύ-

310 651 379 675 σιν
402 628 745 691 ἐπανορθώσεως·
781 633 832 673 Si
855 633 952 686 quis
983 633 1171 673 homines
1187 633 1349 686 puniat
1380 641 1589 688 tanquam
1613 634 1689 688 qui
1718 634 1774 674 ab

309 699 424 738 omni
439 705 618 753 peccato
642 712 799 739 vacare
819 699 998 753 possint,
1036 712 1279 740 mensuram
1303 700 1464 740 excedit
1488 699 1575 752 ejus
1599 714 1691 754 quae
1714 713 1774 741 se-

310 765 495 804 cundum
518 771 725 804 naturam
749 771 808 805 est
840 764 1126 805 correctionis.
1193 763 1315 813 Quod
1346 763 1582 806 XDiodorus
1615 763 1774 806 Siculus

309 834 428 870 vocat
458 824 691 872 συναδικεῖν
726 827 808 881 τὴν
843 825 980 880 κοινήν
1011 825 1248 889 ἀνθρώπων
1284 826 1528 878 ἀσθένειαν,
1562 830 1773 883 injurium

311 909 395 936 esse
416 897 620 937 adversus
641 910 897 937 communem
921 896 1138 936 hominum
1162 896 1499 936 imbecillitatem
1516 911 1529 936 .·
1561 894 1669 942 alibi,
1695 897 1775 946 τῆς

310 957 577 1020 ἀνθρωπίνης
619 960 686 1004 καὶ
727 962 863 1011 κοινῆς
901 957 1124 1005 α’σθενεῖας
1160 958 1540 1010 ἐπιλανθάνεσθαι,
1577 961 1773 1002 oblivisci

310 1027 581 1079 infirmitatis
605 1027 692 1080 ejus
715 1042 806 1082 quce
827 1028 1060 1068 communis
1084 1034 1144 1067 est
1169 1027 1356 1068 humano
1377 1027 1536 1081 yeneri.
1588 1027 1630 1066 Is
1655 1039 1776 1081 quem

311 1090 397 1132 dixi
423 1093 598 1147 Sopater
622 1092 912 1133 dissimulanda
936 1091 994 1132 ait
1019 1089 1078 1134 τὰ
1102 1088 1227 1151 μικροὶ
1253 1091 1320 1134 καὶ
1345 1089 1507 1144 συνήθη
1533 1093 1620 1134 τῶν
1643 1089 1776 1150 ἁμαρ-

311 1155 533 1209 τημάτων,
559 1159 710 1212 culpas
733 1159 916 1199 minores
939 1163 979 1198 el
1003 1158 1130 1212 quasi
1154 1159 1446 1212 quotidianas.

408 1224 434 1264 2
480 1224 567 1263 Imo
602 1222 782 1264 dubitari
810 1228 945 1278 potest
968 1237 1021 1263 an
1048 1222 1136 1262 haeo
1171 1229 1283 1264 recte
1311 1228 1353 1264 et
1384 1221 1551 1278 proprie
1586 1224 1778 1278 ⁹peccata

310 1286 510 1337 dicantur,
546 1302 636 1329 cum
661 1288 896 1330 libertatem
928 1302 1048 1343 quem
1079 1287 1121 1328 in
1153 1287 1285 1343 specie
1316 1288 1471 1329 habere
1495 1287 1698 1336 videntur,
1735 1287 1778 1328 in

311 1368 383 1394 sua
407 1353 678 1408 generalitate
703 1353 970 1402 considerata,
996 1367 1077 1394 non
1101 1353 1292 1395 habeant.
1335 1353 1581 1395 Plutarchus
1599 1354 1775 1395 Solone:

312 1414 376 1462 δεῖ
411 1414 455 1462 δὲ
481 1416 589 1478 πρὸς
622 1415 677 1461 τὸ
701 1414 881 1462 δυνατὸν
905 1415 1170 1478 ’γράφεσθαι
1201 1417 1278 1462 τὸν
1315 1416 1456 1470 νόμον,
1492 1421 1526 1461 εἶ
1556 1415 1773 1474 βούλεται

311 1486 531 1544 χρησίμως
568 1482 761 1543 ὀλίγους,
798 1482 920 1527 ἀλλά
958 1482 1012 1536 μή
1050 1481 1241 1530 πολλοὺς
1282 1481 1518 1543 ἀχρήστως
1555 1481 1771 1543 κολάζειν·

310 1559 472 1606 oportet
508 1552 636 1605 leyem
671 1552 804 1592 scribi
840 1551 1069 1592 secundum
1104 1551 1152 1591 id
1189 1551 1300 1603 quod
1338 1551 1522 1591 obtineri
1550 1557 1705 1605 potest,
1739 1551 1778 1592 si

370 1670 379 1688 2
401 1667 531 1705 Seneca]
543 1667 693 1705 Ejusdem
704 1669 751 1696 est
760 1667 869 1696 eodem
883 1667 965 1704 (Lib.
976 1667 1012 1703 1.)

311 1718 348 1746 cle
371 1717 440 1753 Ira,
463 1727 489 1746 c.
513 1718 562 1746 14.
603 1717 702 1746 ZVenzo
726 1717 880 1745 invenitur
903 1717 957 1754 qui
980 1726 1011 1746 se

306 1767 408 1803 possit
434 1767 601 1795 absolvere.
658 1766 772 1804 Capite
806 1767 836 1796 9.
873 1767 1009 1803 dixerat,

312 1816 422 1853 [immo
436 1816 505 1845 Lib.
520 1817 571 1853 11.]
598 1816 677 1845 inter
693 1820 794 1845 cetera
808 1817 1012 1845 mortalitatis

312 1866 503 1894 incommoda
524 1869 552 1894 et
574 1866 636 1893 herc
662 1869 706 1894 est
733 1866 836 1903 calino
859 1868 1011 1903 mentium,

311 1924 365 1943 nec
379 1918 497 1943 tantum
511 1915 673 1942 necessitas
683 1915 831 1950 errandi,
851 1915 907 1943 sed
923 1925 1010 1943 erro-

312 1973 381 1992 rum
395 1973 493 1992 amor.
534 1964 651 1992 Postea
665 1973 733 2000 cap.
750 1965 796 1992 27.
814 1964 884 2001 quis
899 1964 955 1992 iste
968 1967 1012 1992 est

312 2014 367 2051 qui
391 2023 421 2041 se
439 2014 604 2051 profitetur
627 2013 765 2041 omnibus
785 2013 902 2050 leqz'bus
924 2014 1010 2041 inno-

313 2062 447 2092 centem?
469 2066 501 2091 et
520 2062 600 2090 libro
619 2071 670 2091 111.
695 2071 721 2090 c.
739 2062 787 2092 26.
812 2071 913 2091 omnes
934 2063 1011 2091 mali

312 2121 426 2141 sumus.
468 2112 520 2140 De
545 2111 715 2140 Clementia
740 2120 764 2140 1.
787 2112 815 2141 6.
859 2112 1010 2140 Peccavi-

312 2171 379 2190 mus
401 2171 520 2190 omnes:
555 2161 615 2189 alii
641 2162 764 2199 qratia,
795 2161 855 2189 alii
883 2161 1011 2197 leviora,

314 2211 373 2240 alii
387 2222 423 2240 ex
439 2212 601 2248 destinam,
623 2212 683 2240 alii
693 2211 783 2249 forte
798 2211 936 2249 impulsi,
957 2214 1013 2240 aut

1082 1666 1188 1695 aliena
1202 1667 1340 1704 nequitia
1355 1667 1456 1696 ablati
1465 1677 1474 1696 .-
1493 1667 1552 1696 alii
1563 1667 1595 1695 in
1609 1666 1696 1696 bonis
1710 1675 1781 1696 eon-

1081 1717 1165 1745 siliis
1176 1726 1291 1754 parum
1297 1717 1432 1755 fortiter
1440 1718 1586 1753 stetimus,
1601 1721 1630 1746 et
1639 1718 1782 1746 innocen-

1083 1766 1158 1795 tiam
1169 1767 1259 1796 inviti
1269 1776 1306 1795 ac
1315 1767 1476 1796 renitentes
1478 1767 1686 1805 perdidimus.
1708 1766 1783 1795 Non

1082 1816 1288 1854 delinquimus
1301 1820 1428 1854 tantum,
1448 1817 1504 1846 sed
1516 1826 1611 1855 usque
1624 1817 1669 1845 ad
1681 1821 1783 1846 eoetre-

1082 1875 1162 1893 mum
1185 1867 1240 1894 avi
1264 1866 1482 1904 delinquemus.
1524 1866 1635 1895 Etiam
1658 1867 1686 1894 si
1713 1866 1783 1904 quis

1082 1917 1145 1942 tam
1160 1915 1231 1943 bene
1240 1916 1392 1954 purqavit
1407 1916 1552 1952 animum,
1574 1919 1608 1945 ut
1629 1915 1710 1944 nihil
1729 1916 1782 1944 ob-

1082 1964 1208 1992 turbare
1230 1973 1294 1992 eum
1316 1965 1452 2003 amplius
1467 1966 1571 2003 possit
1593 1974 1632 1994 ac
1649 1965 1781 2002 fallere,

1083 2014 1127 2041 ad
1140 2014 1343 2042 innocentiam
1354 2018 1454 2043 tamen
1466 2015 1622 2052 peccando
1630 2015 1781 2052 pervenit.

1082 2063 1256 2100 Procopius
1274 2063 1488 2092 Gottlzicornm
1503 2073 1555 2093 111.
1573 2065 1657 2102 (cap.
1675 2063 1736 2100 xi.)
1749 2063 1781 2091 in

1083 2113 1393 2143 orationeBelisarii:
1409 2113 1450 2142 τὸ
1457 2114 1516 2151 μὲν
1526 2114 1580 2142 οὖν
1588 2113 1659 2150 μηδ’
1668 2112 1779 2141 ὁπωσ-

1083 2164 1139 2191 οῦν
1166 2162 1368 2200 ἁμαρτάνειν
1393 2162 1469 2191 οὔτε
1497 2161 1701 2199 ἀνθρώπινον
1727 2160 1781 2189 καὶ

1083 2213 1143 2247 τῆς
1157 2214 1224 2241 τῶν
1236 2211 1447 2251 πραγμάτων
1459 2213 1590 2250 φύσεως
1605 2211 1678 2250 ἔξω·
1701 2211 1781 2239 nihil

388 2362 409 2392 2
440 2359 476 2393 It
502 2369 587 2404 may
616 2369 708 2392 even
736 2358 784 2392 be
812 2357 979 2392 doubted
999 2358 1166 2393 whether
1187 2358 1293 2394 those
1323 2361 1400 2393 acts
1431 2369 1501 2392 can
1529 2358 1706 2403 properly
1732 2358 1780 2393 be

315 2415 433 2449 called
454 2416 522 2456 sin,
541 2415 671 2456 which,
692 2415 834 2460 though
855 2415 944 2460 they
963 2415 1057 2450 have
1078 2427 1125 2449 an
1147 2426 1379 2461 appearance
1400 2415 1443 2449 of
1458 2415 1606 2461 liberty,
1629 2425 1694 2449 are
1714 2418 1781 2449 not

314 2472 405 2513 free,
434 2472 542 2506 when
573 2472 791 2506 considered
818 2472 857 2505 in
892 2471 990 2506 their
1021 2473 1239 2518 generality.
1302 2473 1351 2506 So
1382 2471 1561 2507 Plutarch
1591 2472 1630 2504 in
1658 2472 1777 2506 Solon.

315 2528 420 2562 Then
442 2530 550 2574 again
575 2528 681 2563 there
702 2540 765 2563 are
783 2528 891 2563 other
911 2532 988 2563 acts
1007 2529 1126 2563 which
1152 2540 1216 2563 are
1237 2529 1449 2569 inevitable,
1476 2532 1543 2562 not
1570 2531 1610 2562 to
1639 2528 1781 2562 human

315 2589 446 2619 nature
463 2585 648 2631 properly,
668 2585 736 2619 but
757 2590 795 2619 to
821 2585 894 2619 this
919 2585 1122 2630 particular
1142 2596 1277 2630 person
1296 2589 1334 2620 at
1360 2585 1433 2619 this
1451 2588 1628 2625 moment,
1653 2595 1702 2619 on
1722 2595 1782 2618 ac-

316 2646 428 2676 count
449 2642 492 2676 of
505 2642 569 2676 the
590 2642 832 2676 constitution
850 2642 893 2676 of
906 2641 970 2676 the
986 2642 1086 2688 body
1103 2642 1278 2687 affecting
1298 2642 1362 2676 the
1380 2641 1495 2681 mind,
1513 2652 1555 2675 or
1574 2641 1781 2675 inveterate

315 2698 443 2739 habit3
472 2698 591 2733 which
608 2699 638 2733 is
660 2699 870 2744 commonly
890 2698 1084 2744 punished,
1111 2704 1178 2733 not
1204 2699 1243 2731 in
1263 2699 1374 2737 itself,
1402 2698 1471 2732 but
1492 2709 1541 2732 on
1561 2701 1720 2733 account
1742 2697 1785 2731 of

316 2755 518 2798 precedent
538 2755 653 2796 fault3
678 2756 836 2790 because
862 2755 981 2790 either
1006 2755 1070 2790 the
1095 2755 1276 2790 remedies
1302 2766 1398 2789 were
1422 2754 1629 2800 neglected,
1649 2765 1691 2788 or
1715 2753 1780 2788 the

318 2811 484 2845 diseased
506 2812 684 2857 thoughts
703 2813 879 2858 willingly
899 2812 1081 2847 admitted
1101 2813 1180 2846 into
1202 2812 1266 2846 the
1287 2811 1401 2845 mind.

393 2867 482 2901 XX.
535 2872 552 2901 1
592 2868 771 2914 Thirdly3
802 2869 908 2903 those
933 2869 1090 2903 offenses
1117 2880 1180 2903 are
1209 2872 1276 2903 not
1298 2872 1338 2903 to
1367 2868 1414 2903 be
1441 2867 1636 2914 punished,
1660 2864 1779 2899 which

316 2921 463 2957 neither
490 2923 644 2969 directly
675 2936 744 2959 nor
775 2925 971 2970 indirectly
995 2926 1128 2971 regard
1159 2925 1299 2960 human
1328 2925 1467 2970 society
1499 2935 1541 2958 or
1567 2934 1640 2968 any
1667 2921 1777 2956 other
