2018 3204
117 1002 187 1035 Περὶ
202 1002 290 1030 ἔθους.

120 1038 196 1060 Orat.
208 1036 245 1064 76.
258 1043 284 1066 p.

118 1067 165 1090 649
175 1073 200 1090 c.

117 1203 177 1258 Pb.
191 1203 206 1228 i.
225 1206 310 1229 contr.

118 1331 186 1355 Jud.
201 1330 267 1354 Bell.

120 1362 154 1384 iv.
169 1362 191 1384 6.
209 1361 256 1391 §a

119 1398 209 1427 Epist.
223 1398 271 1421 ule.

119 1428 195 1452 Edit.
210 1429 264 1452 491.

118 1530 178 1555 Lib.
190 1530 238 1555 xii.
247 1531 286 1555 64.

118 1657 177 1681 Lib.
190 1657 247 1682 xiii.
261 1657 299 1682 30.

119 1852 183 1878 Ver.
193 1852 248 1880 378.

121 1925 319 1949 Panaih.'l'om.

119 1961 138 1979 1.
152 1963 176 1986 p.
191 1956 237 1978 202
247 1962 274 1979 B.

121 1987 218 2010 Phars.
231 1986 276 2009 vii.

117 2016 171 2039 801.

122 2046 198 2069 Theb.
209 2046 255 2069 xii.
264 2046 316 2070 642.

117 2078 190 2100 Ann.
206 2076 241 2099 vi.
258 2077 294 2099 19.

121 2107 196 2130 Orat.
213 2107 311 2130 Funeb.

117 2142 164 2161 seu
176 2137 251 2160 xxxi.
264 2138 287 2161 3.

895 372 1085 415 CAPUT
1122 371 1240 412 XIX.

767 490 835 524 DE
866 490 996 525 JURE
1030 489 1365 524 SEPULTURAE.

372 591 402 624 I.
448 591 511 625 Ex
527 591 641 625 eodem
653 591 737 637 jure
761 590 918 635 yentiunz
934 590 1034 625 nasci
1124 590 1190 624 IV.
1218 588 1280 624 An
1296 596 1326 624 ct
1347 589 1530 636 insiynz‘tcr
1539 589 1788 637 facinorosis?

439 649 502 693 jus
519 648 692 681 humandi
708 653 875 681 mortuos.
1129 647 1174 680 V.
1213 646 1275 680 An
1291 653 1320 681 et
1334 647 1397 688 his,
1411 648 1472 692 qui
1487 659 1519 682 se
1536 648 1770 695 interfecerint
1781 646 1800 680 Ξ

361 704 411 738 ΙΙ.
452 705 551 739 Unde
571 704 717 739 ortum?
1123 703 1188 737 VI.
1217 703 1305 746 Quae
1322 704 1398 738 alia
1414 716 1454 739 ex
1466 706 1550 751 jure
1568 705 1726 750 yentium
1743 704 1799 738 de-

353 761 424 795 111.
447 761 576 796 Deberi
592 768 621 796 ec
639 761 798 795 hostibus.
1215 761 1374 795 beantur.

335 859 367 898 Ι.
417 859 441 899 1
476 859 606 961 EX
632 857 727 914 jure
759 857 955 915 gentium,
991 857 1123 914 ¹quod
1155 872 1207 900 ex
1242 857 1454 900 voluntate
1489 863 1624 901 ortum
1658 857 1798 908 habet,

595 924 768 966 debetur
797 929 839 965 et
871 938 1087 980 corporum
1119 929 1374 966 mortuorum
1405 924 1627 979 sepultura.
1688 924 1799 965 Dion

337 990 656 1046 Chrysostomus
679 989 789 1032 inter
812 1004 958 1039 mores,
995 989 1079 1031 sive
1103 985 1193 1042 ἔθη,
1219 1004 1311 1045 quae
1336 991 1426 1036 τοῖς
1452 987 1720 1051 ἐγγράφοις,
1756 989 1799 1031 id

336 1061 410 1105 est,
433 1057 592 1111 scripto
602 1057 712 1110 juri,
739 1055 919 1111 opponit,
944 1061 1037 1111 post
1059 1055 1290 1113 legatorum
1309 1055 1408 1110 jura
1428 1062 1718 1097 commemorat
1739 1053 1798 1108 μὴ

336 1124 511 1165 κωλύειν
535 1120 632 1168 τούς
660 1121 826 1179 νεκρούς
851 1118 1050 1171 Θάπτειν,
1082 1136 1165 1163 non
1186 1123 1416 1177 prohibere
1439 1123 1663 1177 quominus
1685 1137 1798 1176 sepe-

339 1189 506 1229 liantur
527 1189 698 1229 mortui.
769 1189 826 1229 Et
857 1188 1014 1229 Seneca
1033 1193 1153 1243 pater
1184 1187 1293 1228 inter
1311 1187 1408 1243 jura
1430 1202 1512 1229 non
1535 1187 1699 1243 scripta,
1725 1188 1798 1229 sed

339 1253 523 1294 omnibus
560 1253 722 1309 scriptis
764 1253 942 1295 certiora
974 1252 1089 1308 ponit
1131 1253 1300 1294 humum
1340 1253 1554 1310 porrigere
1593 1253 1795 1295 cadaveri.

337 1319 379 1359 N
381 1324 512 1360 aturae
536 1318 577 1360 id
595 1318 664 1373 jus
681 1319 891 1374 appellant
915 1318 1084 1360 Hebraei
1107 1318 1225 1360 Philo
1241 1333 1287 1360 ac
1305 1319 1332 1360 J
1337 1319 1535 1374 osephus3
1562 1323 1604 1360 et
1627 1315 1798 1379 φύσεως

339 1382 531 1435 HcO-uode,
573 1384 755 1425 Isidorus
795 1383 1025 1426 Pelusiota:
1069 1389 1116 1426 ut
1155 1384 1287 1426 solere
1327 1384 1401 1425 sub
1439 1390 1597 1426 naturae
1634 1385 1798 1426 nomine

338 1449 630 1505 comprehendi
666 1464 799 1491 mores
834 1464 1066 1491 communes
1100 1449 1279 1491 naturali
1318 1449 1468 1490 rationi
1505 1455 1798 1492 consentaneos

338 1516 435 1557 alibi
470 1515 656 1557 diximus.
720 1515 843 1571 Apud
874 1515 1085 1557 AElianum
1114 1520 1201 1557 est:
1238 1516 1313 1566 τῆς
1339 1512 1511 1575 φύσεως
1546 1517 1622 1567 τῆς
1661 1518 1798 1567 κοινῆς

337 1579 603 1634 ἀπαιτούσης
638 1578 718 1625 τὸν
752 1578 902 1634 μηκέτι
945 1578 1086 1641 ζῶντα
1123 1578 1423 1641 κατακρύψειν
1458 1596 1552 1623 oum
1584 1590 1798 1623 mortuum

337 1650 463 1690 condi
485 1650 585 1703 ipsa
608 1649 785 1703 imperet
810 1649 1043 1689 communis
1063 1655 1238 1688 natura.
1299 1647 1415 1688 Idem
1439 1646 1562 1689 alibi:
1598 1644 1656 1689 τὰ
1682 1645 1799 1691 κοινοὶ

337 1713 407 1757 καὶ
442 1715 521 1757 ἰ’σα
558 1715 691 1757 πᾶσιν
721 1710 960 1772 ἀνθρώποις
990 1718 1109 1755 vocat
1134 1714 1221 1770 ’γῆν
1251 1711 1319 1755 καὶ
1350 1710 1514 1774 ταφήν,
1551 1721 1713 1754 terram
1744 1728 1799 1755 ac

337 1781 603 1834 sepulturam
626 1781 866 1821 hominibus
897 1781 1060 1821 cunctis
1085 1780 1326 1820 communia
1350 1787 1388 1820 et
1417 1794 1467 1821 eac
1490 1793 1607 1832 aequo
1639 1780 1796 1821 debita.

338 1845 497 1901 aLeges
519 1844 740 1893 hominum,
768 1843 914 1892 νόμους
933 1843 1110 1903 βροτῶν
1134 1843 1238 1885 dixit
1260 1844 1480 1900 Euripides
1504 1845 1795 1899 Supplicibzw,

337 1908 475 1954 κοινὸν
521 1905 646 1958 νόμον
687 1909 899 1958 Aristides,
949 1911 1138 1950 Lucanus
1181 1909 1389 1950 hominum
1429 1909 1549 1959 ritus,
1592 1916 1798 1951 terrarum

337 1975 450 2032 leges
485 1980 526 2017 et
552 1974 693 2016 mundi
720 1975 862 2016 federa
897 1974 1105 2030 Papinius,
1143 1974 1265 2015 sortis
1296 1975 1486 2016 humanae
1513 1975 1797 2016 commercium

338 2041 513 2091 Tacitus5
547 2055 660 2097 spem
695 2055 947 2082 communem
982 2046 1122 2081 orator
1158 2039 1319 2096 Lysias.
1393 2040 1474 2090 Qui
1507 2039 1691 2096 impedit,
1724 2041 1797 2082 ho-

388 2156 558 2187 ¹Jusistud
571 2156 868 2195 SepulinrtraLege
881 2156 1027 2185 Naturali
1097 2156 1167 2185 Lib.
1202 2164 1239 2184 11.
1267 2165 1333 2194 cap.
1356 2157 1385 2185 3.
1412 2156 1429 2194 ἓ
1456 2158 1504 2187 23.
1526 2159 1592 2185 not.
1617 2156 1648 2187 9.
1676 2157 1797 2186 ultimae

333 2217 459 2246 quoque
482 2208 593 2237 oritur.
636 2207 717 2237 Vide
740 2216 809 2244 quae
831 2206 966 2235 diximus
989 2207 1028 2234 ad
1097 2204 1265 2234 Editionis.
1307 2205 1342 2233 J.
1359 2205 1400 2234 B.

334 2258 557 2287 PUFENDORF.
584 2257 636 2287 De
662 2257 743 2286 Jure
772 2255 853 2285 Nat.
881 2258 910 2284 et
937 2254 1026 2284 Geni.
1157 2261 1170 2275 ὃ
1190 2255 1288 2294 Leqes
1303 2254 1473 2294 hominnm]
1497 2255 1628 2285 Φύσεως
1651 2255 1797 2294 θεσμοὺς,

623 2434 803 2469 CHAPTER
825 2434 934 2467 XIX.
987 2433 1108 2478 Ostha
1124 2433 1235 2478 sz'qlzt
1252 2433 1298 2477 of
1312 2431 1508 2477 Sepultura.

410 2522 440 2555 I.
493 2524 511 2554 1
544 2519 624 2554 The
644 2520 748 2553 Laws
770 2518 812 2552 of
828 2518 987 2552 Nations
1012 2517 1235 2562 voluntarily
1255 2515 1462 2556 instituted,
1486 2515 1604 2550 direct
1632 2514 1709 2549 also
1731 2513 1796 2549 the

334 2579 523 2624 sepulture
545 2577 587 2611 of
604 2576 699 2611 dead
721 2575 858 2610 bodies.
921 2575 994 2608 Dio
1017 2574 1267 2619 Chrysost0m‚
1287 2584 1423 2617 among
1442 2572 1506 2606 the
1523 2584 1656 2617 nsccyes,
1675 2571 1796 2605 which

334 2635 382 2669 he
400 2645 555 2680 opposes
582 2638 619 2668 to
640 2633 778 2666 written
800 2632 880 2671 law,
900 2631 1098 2671 mentions,
1123 2631 1221 2664 after
1247 2630 1310 2664 the
1331 2629 1448 2675 rights
1474 2629 1517 2663 of
1533 2629 1707 2674 legation,
1730 2627 1795 2662 the

335 2702 447 2736 usage
475 2691 517 2725 of
544 2695 611 2724 not
636 2689 802 2733 refusing
826 2688 946 2722 burial
978 2692 1016 2722 to
1051 2687 1116 2721 the
1148 2687 1254 2721 dead.
1319 2687 1368 2720 So
1397 2687 1539 2721 Seneca
1569 2685 1633 2720 the
1661 2685 1794 2725 father,

336 2747 456 2787 Philo,
480 2747 675 2792 Josephus,
700 2746 841 2780 Isidore
868 2745 910 2779 of
928 2745 1128 2785 Pelusium,
1149 2744 1230 2777 who
1252 2743 1339 2777 calls
1361 2742 1434 2777 this
1463 2755 1487 2776 α
1509 2743 1578 2776 law
1599 2744 1644 2789 of
1655 2747 1793 2781 natare,

336 2802 401 2836 the
418 2804 568 2847 general
589 2803 736 2837 natural
755 2802 877 2836 habits
895 2802 937 2836 of
964 2812 1051 2835 man
1071 2801 1182 2845 being
1203 2800 1375 2834 included
1396 2800 1434 2833 in
1454 2799 1518 2833 the
1543 2803 1640 2833 term
1655 2803 1794 2837 nature,

337 2869 377 2892 as
390 2859 586 2893 elsewhere
597 2859 758 2893 noticed.
792 2859 841 2892 So
853 2858 1060 2903 Euripides,
1074 2857 1409 2897 Aristides,Luoan,
1421 2856 1597 2901 Papinius
1610 2851 1794 2897 [Statius],

338 2914 497 2948 Tacitus.
558 2915 617 2948 He
638 2915 718 2948 who
740 2919 912 2959 prevents
933 2915 972 2955 it,
992 2918 1078 2960 puts
1107 2914 1161 2948 off
1176 2913 1382 2958 humanity,
1414 2923 1453 2946 as
1482 2911 1662 2946 Claudian
1690 2921 1788 2955 says3
