2018 3204
339 137 422 178 392
792 145 860 179 DE
894 144 1070 180 CAUSIS
1102 145 1343 181 INJUSTIS.
1637 143 1732 188 [Lm.
1753 143 1804 179 ΙΙ.

342 266 435 306 quae
465 250 533 308 jus
561 252 809 306 exsequendi
841 266 916 307 per
947 267 1112 294 manum
1144 253 1315 310 regiam,
1351 257 1424 295 aut
1450 251 1681 302 militarem,
1714 256 1807 296 uaut

338 317 445 372 juris
470 317 760 372 qualiscunque
792 317 960 358 humani
993 318 1267 360 ademtionem
1299 319 1342 360 in
1374 333 1417 360 se
1441 318 1668 372 contineat)
1693 320 1807 361 cohi-

345 383 516 424 beamus
539 383 727 424 homines
751 397 780 423 a
804 384 1001 425 delictis:
1038 389 1080 425 et
1103 384 1335 440 episcopum
1361 384 1487 425 officio
1511 399 1584 426 suo
1608 384 1726 441 fungi
1748 383 1807 426 ait

343 444 390 490 οὗ
425 443 699 506 βιαζόμενον,
734 444 858 491 α’λλεὶ
892 448 1116 499 πείθοντα,
1150 465 1234 491 non
1258 452 1452 505 eoqendO,
1478 451 1552 492 sed
1575 451 1804 492 suadendo.

343 513 398 553 Et
422 527 473 553 ex
498 513 561 553 his
585 513 748 567 quidem
781 514 880 555 satis
907 521 1096 570 apparet,
1125 515 1348 571 episcopos,
1374 529 1456 570 qua
1484 515 1587 557 tales
1610 520 1717 564 sunt,
1736 515 1807 571 jus

343 578 545 634 regnandi
570 578 611 618 in
636 578 820 620 homines
854 580 1032 621 humano
1065 595 1178 622 more
1212 581 1368 622 nullum
1392 581 1559 623 habere.
1629 581 1806 623 '‘Hiero-

339 658 489 698 nymus
512 658 654 700 regem
677 650 719 686 et
743 644 976 701 episcopum
995 660 1259 703 comparans:
1284 648 1357 689 ille
1381 648 1618 690 nolentibus
1629 655 1804 702 praeest,

340 711 411 751 hie
434 710 680 751 volentibus.

336 837 469 865 maan'me
490 841 574 873 esset,
597 837 682 867 loens
700 847 759 867 non
779 842 854 868 esset
864 838 953 875 juris
971 839 1036 877 ejus

335 887 509 923 exercendi,
538 897 605 916 eum
632 889 721 917 Dens
749 893 872 918 coronet
899 900 958 918 non
986 900 1037 919 eos

335 937 390 973 qui
405 938 581 966 necessitate
594 937 649 966 sed
662 938 716 976 qni
730 939 885 968 volnntale
901 940 1000 969 libera
1015 950 1036 969 a

335 986 417 1015 malo
433 987 606 1016 abstinent:
624 997 721 1025 quare
735 988 828 1017 multo
844 989 951 1017 labore
960 999 1037 1027 opus

334 1039 368 1063 nt
376 1036 628 1073 persuadeantur
648 1038 782 1066 morbidi
797 1042 904 1076 sponte
926 1049 985 1067 sna
1005 1049 1036 1068 se

328 1085 470 1122 proebere
484 1086 674 1115 sacerdotali
690 1088 855 1116 curationi.
889 1089 932 1117 Et
943 1097 1034 1117 mox:

335 1134 424 1172 (pag.
452 1134 504 1171 10)
535 1136 569 1164 οὺ
600 1136 667 1173 ’γάρ
693 1136 830 1165 ἑλκύσαι
855 1138 938 1175 πρὸς
959 1138 1036 1174 βίαν

333 1184 437 1219 ἐστὶν,
448 1184 517 1213 οὐδὲ
527 1184 715 1222 ἀναγκάσαι
730 1186 825 1224 φόβῳ
835 1194 841 1201 ·
852 1196 946 1224 neque
957 1188 1036 1216 enim

333 1233 388 1270 qni
405 1233 507 1270 afide
528 1234 656 1262 aberrat
674 1234 705 1262 vi
720 1235 878 1271 pertrahi,
901 1236 960 1264 imo
982 1245 1035 1265 nec

333 1286 411 1311 metu
422 1283 561 1320 compelli
571 1286 683 1320 potest.
706 1284 794 1312 Idem
810 1285 849 1312 ad
861 1286 976 1322 Ephes.
994 1285 1034 1315 iv,

334 1332 378 1359 εἰς
401 1330 619 1360 διδασκαλίαν
647 1331 752 1369 λόγου
780 1332 1034 1370 προεχειρίσθη-

332 1392 402 1417 μεν,
420 1381 477 1408 οὐκ
492 1381 536 1408 εἷς
557 1380 671 1418 ἀρχὴν,
692 1381 762 1409 οὐδὲ
786 1382 830 1410 εἰς
852 1381 1036 1418 owen-siau,

333 1431 529 1467 συμβούλων
543 1430 643 1468 τάξιν
659 1431 824 1469 ἐπέχομεν
838 1432 1035 1469 παραινοὺιμ

331 1492 411 1510 των.
465 1479 482 1509 ὁ
504 1481 735 1518 συμβουλεύων
764 1481 859 1519 λέγει
886 1482 930 1511 ’τά
957 1482 1035 1520 περὶ

332 1528 461 1566 ἑαυτοῦ,
482 1531 537 1559 οὐκ
559 1529 753 1569 ἀναγκάζων
774 1531 836 1566 τήν
854 1531 1032 1570 ἀκροατήν,

331 1578 410 1607 ἀλλ’
433 1580 534 1608 αὑτὸν
553 1580 676 1618 ἀφίησι
691 1581 751 1615 τῆς
765 1582 832 1610 τῶν
846 1581 1035 1619 λεγομένων

331 1626 485 1663 αἱρέσεως
505 1627 627 1664 κύριον·
651 1627 696 1656 ad
715 1627 866 1656 docendos
886 1637 957 1656 vero
979 1629 1034 1656 Ῐιο-

331 1676 426 1705 mines
439 1677 596 1706 constituti
609 1687 721 1714 sumus,
736 1687 796 1706 non
810 1678 855 1706 ad
862 1678 1033 1715 imperium,

331 1735 390 1754 non
405 1727 449 1755 ad
461 1728 640 1756 eoeereitium
656 1728 830 1765 potestatis.
874 1727 1033 1756 Consilia-

331 1776 451 1804 riornm
488 1777 586 1805 locam
621 1777 787 1805 obtinemus
815 1777 1008 1806 suadentium
1018 1788 1032 1813 ;

332 1826 386 1862 qni
401 1826 562 1854 consilinm
577 1826 641 1861 slat,
659 1826 696 1855 (Ie
719 1836 774 1854 suo
796 1826 883 1862 dicit,
906 1827 1032 1855 audito-

331 1884 395 1903 rem
417 1885 476 1902 non
498 1876 589 1913 coqit,
609 1875 664 1904 sed
685 1876 814 1904 liberam
835 1876 862 1904 ei
885 1876 1033 1914 relinquit

331 1923 505 1952 electionem
517 1924 602 1952 cirea
617 1933 654 1952 ea
668 1934 732 1962 qnae
747 1924 902 1953 dieantur.
921 1924 1031 1962 (Toni.

332 1981 388 2001 111.
403 1982 433 2010 p.
450 1973 534 2010 823.)
555 1974 741 2002 Ambrosius
756 1974 835 2002 libro
848 1983 886 2003 11.
900 1975 936 2002 cle
950 1974 1032 2003 Cain

331 2025 359 2050 et
373 2022 451 2050 Abel
465 2031 491 2050 c.
508 2023 539 2052 4.
582 2022 736 2051 Sacerdos
751 2023 873 2060 quidem
897 2024 1032 2062 officinm

330 2081 418 2099 snum
436 2071 566 2107 eaelzibet,
587 2076 621 2100 at
642 2073 758 2101 nullius
773 2074 938 2109 potestatis
950 2073 1032 2109 jura

331 2125 459 2151 ewereet.
501 2122 627 2150 Citatur
651 2132 676 2152 c.
698 2123 838 2159 verbum,
864 2123 901 2152 de
925 2123 1031 2152 Poeni-

330 2172 426 2200 tentia
440 2172 590 2201 Distinet.
607 2181 630 2202 1.
652 2173 743 2210 (Cap.
758 2173 817 2210 51.)

390 2227 403 2241 ¹¹
440 2222 502 2251 Aut
526 2222 614 2258 juris
647 2223 870 2260 qualiscunque
903 2221 1030 2252 humani

330 2272 544 2310 ademtionem]
580 2273 633 2301 Ad
665 2282 756 2310 reges
789 2272 872 2301 enim
899 2282 963 2301 non
990 2273 1030 2301 ad

330 2321 493 2350 ecelesiam
522 2322 661 2359 pertinet
680 2321 822 2358 judicare
851 2322 889 2350 de
916 2321 1029 2351 feudis.

330 2379 357 2398 c.
380 2370 467 2399 novit
489 2371 537 2400 18.
565 2371 602 2399 cle
614 2370 772 2407 judiciis:
797 2370 836 2398 de
856 2370 1027 2407 possessio-

1102 840 1212 871 nibus:
1236 851 1262 871 c.
1287 851 1410 871 causam
1433 850 1504 880 quae
1526 841 1609 870 inter
1624 840 1653 870 7.
1675 839 1806 879 quifilii

1102 891 1164 919 sint
1185 891 1324 930 leqz'timi.
1366 892 1472 929 Reges
1499 890 1582 919 enim
1611 890 1803 927 superiorem

1103 940 1135 968 in
1158 940 1384 978 temporalibus
1405 940 1533 968 minime
1554 941 1803 977 recognoscunt:

1104 999 1129 1018 c.
1152 999 1210 1028 per
1229 990 1448 1025 venerabilem,
1464 991 1511 1018 13.
1528 989 1597 1017 eod.
1614 988 1665 1017 tit.
1691 987 1803 1017 Chris-

1103 1042 1151 1067 tus
1185 1038 1283 1066 voluit
1316 1041 1349 1067 ut
1393 1037 1568 1067 Christiani
1594 1037 1804 1074 Imperatores

1097 1097 1160 1125 pro
1174 1088 1240 1116 vita
1260 1091 1375 1116 aterna
1396 1086 1603 1124 Pontificibus
1622 1086 1805 1124 indiyerent,

1103 1140 1130 1165 et
1145 1137 1315 1173 Pontifices
1323 1147 1386 1174 pro
1408 1146 1499 1165 eursu
1521 1135 1736 1173 temporalium
1753 1143 1803 1163 re-

1102 1195 1171 1215 rum
1186 1187 1399 1225 imperialibus
1413 1186 1531 1224 Zeyibus
1544 1189 1709 1221 uterentur,
1724 1194 1803 1223 qna-

1103 1240 1187 1265 tenus
1207 1237 1364 1274 spiritalis
1385 1237 1468 1265 aetio
1490 1246 1511 1264 a
1531 1235 1713 1264 carnalibus
1735 1234 1801 1263 dis-

1102 1289 1183 1315 taret
1197 1286 1381 1323 incursibus,
1397 1289 1425 1314 et
1439 1285 1509 1314 Deo
1523 1285 1662 1313 militans
1680 1284 1802 1313 minime

1101 1336 1294 1365 secularibus
1320 1336 1451 1373 neyotiis
1481 1344 1512 1364 se
1539 1335 1737 1372 implicaret:
1772 1343 1800 1363 c.

1102 1386 1259 1424 quoniam,
1288 1387 1317 1414 8.
1341 1386 1480 1414 distinet.
1510 1394 1542 1413 x.
1565 1388 1597 1413 et
1620 1393 1647 1413 c.
1668 1393 1740 1413 cum
1761 1384 1802 1413 ad

1101 1445 1220 1471 verum,
1236 1435 1264 1465 6.
1286 1435 1487 1464 distinctione
1501 1434 1581 1462 xcvi.
1597 1433 1680 1462 unde
1700 1433 1803 1463 aliena

1102 1494 1164 1513 non
1186 1487 1260 1513 sunt
1282 1494 1352 1522 quae
1372 1485 1453 1513 libro
1474 1484 1576 1522 primo
1598 1486 1671 1512 sunt
1689 1483 1802 1521 posita,

1101 1544 1127 1563 c.
1144 1536 1191 1563 11.
1215 1534 1232 1572 ἓ
1254 1535 1376 1570 ultimo,
1397 1543 1483 1562 num.
1504 1534 1536 1562 8.
1557 1542 1596 1562 ex
1610 1533 1747 1561 seeundo
1769 1536 1802 1562 et

1101 1584 1315 1621 octuagesimo
1331 1592 1449 1612 canone
1466 1591 1574 1611 eorum
1596 1582 1650 1620 qui
1671 1586 1802 1620 aposto-

1099 1634 1152 1662 lici
1180 1634 1337 1668 dicuntur,
1365 1636 1396 1661 et
1421 1642 1491 1670 quae
1513 1632 1545 1660 in
1568 1641 1636 1660 eam
1663 1641 1730 1661 rem
1757 1631 1800 1661 ibi

1100 1684 1192 1722 plura
1204 1684 1236 1712 in
1252 1686 1343 1712 textu
1358 1683 1503 1721 notisque
1517 1682 1706 1712 afferuntur.

1159 1738 1173 1752 ¹
1193 1731 1416 1770 Hieronymus]
1460 1732 1549 1761 Idem
1577 1731 1609 1760 in
1638 1731 1799 1769 epitaphio

1100 1781 1291 1820 Nepotiani:
1316 1781 1417 1809 minus
1440 1781 1510 1810 lieet
1535 1781 1678 1818 episcopo
1705 1789 1800 1819 qnam

1100 1832 1176 1870 reyi.
1218 1832 1279 1860 Ille
1303 1832 1381 1860 enim
1402 1831 1572 1860 nolentibus
1587 1834 1723 1868 prceest:
1748 1831 1799 1860 hic

1098 1881 1276 1910 volentibus.
1318 1881 1379 1909 Ille
1390 1881 1505 1909 terrori
1519 1880 1652 1916 subjicit,
1667 1880 1718 1909 hic
1731 1889 1798 1909 ser-

1098 1930 1188 1958 vituti
1205 1930 1349 1959 donatur.
1375 1930 1483 1967 (Tom.
1500 1938 1523 1958 1.
1544 1938 1617 1967 pag.
1632 1930 1682 1963 25,
1706 1929 1795 1958 Edit.

1098 1979 1193 2008 Basil
1209 1978 1219 2016 )
1244 1979 1448 2008 Cassiodorus
1464 1979 1533 2007 Lib.
1550 1987 1600 2006 xx.
1616 1979 1647 2006 in
1663 1978 1798 2016 epistola.

1098 2030 1137 2058 ad
1154 2029 1327 2066 episcopos.
1346 2028 1421 2066 (Ep.
1435 2029 1482 2065 3.)
1501 2028 1662 2065 episcopus
1676 2028 1797 2063 doceat,

1098 2089 1134 2108 ne
1151 2079 1252 2115 judea·
1276 2079 1378 2116 possit
1405 2079 1540 2107 invenire
1566 2078 1650 2117 quod
1669 2079 1796 2116 puniat.

1098 2129 1122 2158 F
1126 2128 1282 2158 rodericus
1292 2129 1410 2166 primus
1420 2129 1598 2166 Imperator
1607 2128 1691 2165 apud
1706 2128 1796 2158 Gun-

1097 2179 1222 2207 therum
1251 2178 1405 2215 Liqurino
1433 2178 1470 2206 de
1502 2177 1666 2215 Pontifice,
1707 2177 1796 2214 (Lib.

1097 2237 1143 2256 ri.
1158 2237 1237 2257 vers.
1252 2228 1320 2263 362,
1335 2227 1432 2265 363):

1096 2276 1241 2301 Ecclesiam
1253 2279 1326 2306 regat
1337 2277 1381 2301 ille
1392 2284 1477 2306 suam,
1490 2277 1633 2307 divinaque
1640 2277 1705 2308 jura

1096 2320 1249 2349 Temperet:
1267 2319 1410 2349 imperium
1422 2319 1497 2344 nobis
1508 2319 1640 2349 fascesque
1651 2319 1793 2350 relinquat.

1097 2370 1274 2399 Suenonem
1290 2369 1401 2398 Daniae
1416 2378 1524 2408 regem
1542 2369 1794 2399 excommunica-

330 2534 410 2568 tion
427 2533 470 2568 of
495 2532 559 2568 the
584 2533 784 2578 judgment
812 2532 862 2579 by
886 2532 951 2567 the
975 2532 1095 2567 hands
1117 2533 1160 2567 of
1184 2532 1302 2578 kings,
1330 2542 1372 2567 or
1397 2531 1562 2573 soldiers,
1589 2542 1632 2566 or
1655 2531 1705 2577 by
1727 2531 1793 2566 the

330 2590 496 2636 deprival
513 2590 556 2624 of
578 2601 650 2635 any
672 2590 811 2624 human
831 2589 952 2634 right:
997 2590 1071 2623 and
1099 2589 1147 2624 he
1177 2601 1259 2635 says
1290 2590 1379 2630 also,
1408 2589 1491 2624 that
1515 2600 1538 2623 a
1558 2588 1691 2635 bishop
1718 2589 1792 2623 dis-

330 2646 482 2691 charges
503 2646 559 2680 his
580 2647 695 2687 office,
719 2652 780 2680 not
810 2647 853 2691 by
880 2647 1047 2692 eoerez’n9,
1069 2648 1128 2680 but
1159 2648 1201 2691 by
1226 2646 1460 2691 persuadiny.

1520 2646 1634 2679 From
1663 2645 1737 2680 this
1761 2646 1792 2680 it

330 2713 485 2747 appears
506 2703 735 2748 sufficiently,
755 2703 837 2737 that
853 2702 1014 2748 bishops,
1035 2714 1074 2737 as
1092 2703 1193 2743 such,
1214 2702 1306 2736 have
1324 2713 1372 2736 no
1394 2701 1492 2747 right
1512 2701 1555 2736 of
1565 2702 1687 2747 ruling
1705 2712 1792 2736 men

330 2758 368 2790 in
390 2770 411 2791 a
427 2759 567 2792 human
584 2771 749 2793 manner.

815 2760 864 2793 So
895 2760 1057 2800 Jerome‚
1077 2759 1293 2805 comparing
1322 2770 1344 2793 a
1373 2758 1463 2803 king
1492 2758 1566 2792 and
1595 2769 1618 2792 a
1646 2757 1791 2802 bishop,

331 2824 424 2858 says,
439 2815 519 2848 that
537 2817 589 2849 the
605 2816 688 2861 kiny
706 2817 799 2850 rnles
819 2816 1008 2861 itnwillinq
1027 2817 1179 2862 subjeets,
1201 2817 1253 2850 the
1274 2816 1402 2861 bishop,
1421 2815 1558 2860 zvilliny
1574 2825 1661 2849 ones.

408 2873 429 2902 4
459 2870 639 2906 Whother
670 2872 855 2907 Christian
880 2873 986 2918 kings
1014 2884 1100 2919 may
1127 2873 1235 2907 make
1264 2883 1339 2906 war
1366 2883 1415 2907 on
1439 2872 1546 2916 kings
1570 2871 1652 2905 who
1674 2870 1789 2914 reJect
