2018 3204
186 178 276 211 ΕΑΓ.
297 175 462 219 XXIII]
660 177 728 211 DE
761 176 938 211 CAUSIS
967 177 1155 212 DUBIIS.
1558 170 1640 210 409

191 276 260 316 tice
293 282 332 316 et
358 275 523 329 petrice
557 288 708 315 amor:
741 275 791 315 in
823 274 994 328 reqz'bzcs
1025 288 1121 316 vero
1156 273 1330 314 animus
1361 273 1570 328 placidus
1604 280 1643 313 ec

189 341 279 382 suis
315 341 548 395 obsequens.

289 406 366 445 XI.
437 405 679 460 Quanquam
711 420 810 446 vero
838 404 880 446 in
912 419 1034 446 causa
1062 404 1185 446 dubia
1208 418 1304 460 pars
1332 407 1507 458 utraque
1531 407 1644 444 tene-

189 475 258 512 tur
280 484 465 525 quaerere
493 470 756 519 conditiones,
782 470 928 525 quibus
962 470 1111 512 bellum
1137 470 1303 519 vitetur,
1326 469 1480 526 Smagis
1504 473 1644 509 tamen

189 536 244 577 ad
283 535 324 577 id
361 541 537 584 tenetur,
572 535 639 590 qui
677 536 794 591 petit,
834 550 955 590 quam
994 535 1063 590 qui
1100 535 1291 590 possidet.
1362 535 1423 576 Ut
1460 533 1567 575 enim
1602 533 1646 574 in

189 600 280 657 pari
315 615 436 642 eausa
470 601 612 641 melior
646 600 699 642 sit
733 600 974 656 possidentis
1008 601 1197 650 conditio,
1231 614 1313 641 non
1347 599 1453 641 civili
1485 604 1644 641 tantum
1664 612 1824 669 i‘dgmssaff'

183 665 270 722 juri
293 666 364 707 sed
389 672 430 707 et
453 666 631 707 naturali
655 665 868 708 convenit:
907 666 1020 721 cujus
1043 667 1104 707 rei
1128 680 1289 707 causam
1319 665 1416 706 alibi
1448 664 1570 706 etiam
1594 679 1645 706 ex
1664 675 1735 728 {golt
1746 651 1862 730 11·eroe

191 731 422 773 Aristotelis
458 746 550 786 quae
587 731 779 772 dicuntur
824 732 1146 788 problematibus
1186 731 1433 773 ⁹attulimus.
1503 731 1646 785 Atque
1664 736 1730 788 3³:11²·
1744 742 1769 759 ¹¹·
1783 736 1859 762 2⁷·et

190 796 256 838 hic
280 803 322 838 et
342 796 442 838 illud
464 797 696 838 addendum
720 803 794 846 est,
816 798 868 838 ab
893 812 952 846 eo,
978 797 1047 852 qui
1065 797 1218 853 justam
1243 811 1405 838 causam
1428 796 1583 837 habere
1605 810 1647 836 se
1666 794 1865 851 ξῗῇῇᾗῇῗῗξ·

192 862 278 911 scit,
302 862 373 903 sed
397 863 640 904 documenta
672 877 752 903 non
783 863 910 904 habet
933 863 1183 912 sufficientia,
1207 862 1352 918 quibus
1374 876 1648 917 possessorem
1667 856 1779 881 ΜΟΗΜ·
1794 859 1865 888 ’ΠΨ

1668 886 1719 909 103.
1737 886 1749 915 ξ
1764 888 1792 910 in
1804 895 1841 911 se-

1667 918 1757 941 cundo
1771 925 1839 943 rero.

192 928 244 970 de
289 927 486 984 injustitia
526 943 608 969 suae
650 928 911 983 possessionis
951 928 1177 977 convineat,
1225 928 1374 970 bellum
1415 926 1524 968 licite
1569 941 1650 968 non
1669 946 1788 975 L010a2‚
1802 950 1824 972 2.

192 993 320 1035 sumi:
356 993 451 1049 quia
479 1008 561 1035 non
592 994 718 1036 habet
745 993 814 1049 jus
845 994 1017 1051 eogendi
1040 994 1229 1044 alterum,
1254 999 1301 1035 ut
1325 993 1376 1034 de
1399 992 1651 1048 possessione
1668 977 1851 1031 3.³4‚“²⁸¹’'⁵³·

193 1059 378 1101 decedat.

294 1125 392 1165 XII.
464 1123 547 1166 Ubi
572 1139 670 1166 vero
706 1130 749 1167 et
771 1124 840 1181 jus
863 1125 1100 1182 ambiguum
1125 1129 1198 1173 est,
1225 1130 1267 1167 et
1289 1129 1436 1166 neuter
1458 1123 1650 1180 possidet,
1671 1139 1822 1194 ¹³⁰J=ffl1²³²

193 1195 264 1233 aut
288 1205 339 1231 ex
363 1204 480 1245 aequo
510 1195 697 1245 uterque,
722 1190 778 1232 ibi
809 1191 971 1246 iniquus
999 1190 1225 1232 censendus
1257 1190 1349 1242 erit,
1375 1189 1446 1246 qui
1471 1190 1651 1232 oblatam
1671 1171 1868 1256 ἒξζξῗίὲἶῖξὲἰῑ

193 1255 254 1297 rei
277 1250 552 1297 controversae
577 1255 814 1298 divisionem
840 1256 1043 1312 repudiat.
1670 1238 1782 1288 affl-T]
1823 1252 1828 1256 ⁴
1864 1251 1870 1256 '

293 1322 416 1363 XIII.
487 1323 511 1362 1
560 1322 626 1362 Ex
665 1321 742 1371 his,
785 1337 876 1377 quae
913 1322 1100 1370 diximus,
1143 1321 1304 1363 definiri
1340 1327 1476 1377 potest
1519 1321 1589 1363 illa-
1629 1336 1654 1363 a

194 1387 331 1429 multis
354 1387 512 1443 agitata
546 1387 729 1442 quaesti0‚
756 1402 808 1429 an
839 1388 1002 1437 bellum,
1039 1387 1199 1429 ratione
1229 1387 1370 1429 habita
1404 1402 1558 1436 eorum,
1584 1387 1652 1443 qui
1671 1407 1812 1433 eamme.

195 1453 438 1508 principales
474 1453 570 1494 belli
609 1458 788 1495 motores
824 1459 931 1501 sunt,
970 1453 1163 1508 utrinque
1194 1453 1350 1509 justum
1389 1468 1476 1494 esse
1514 1439 1850 1523 possit.1i'.‘i'3·‘s‘¹5‘4'1⁴3.¹ii'

196 1516 531 1574 ‘Distinguendae
555 1518 661 1559 enim
692 1524 786 1560 sunt
814 1518 939 1560 variae
962 1519 1217 1574 acceptiones
1240 1519 1349 1560 vocis
1363 1520 1487 1573 justi.
1557 1520 1585 1561 J
1590 1534 1654 1560 us-
1668 1502 1840 1584 {5¹35ss

196 1590 283 1626 tum
308 1584 414 1625 enim
437 1583 591 1639 aliquid
622 1583 769 1626 dicitur
799 1591 871 1626 aut
895 1599 946 1626 ex
970 1599 1103 1633 eausa,
1129 1590 1201 1626 aut
1227 1585 1448 1626 seeundum
1473 1585 1652 1627 effectus.
1672 1578 1824 1616 Pstwlsvi·

1675 1622 1834 1646 l'hil.c'.

198 1651 263 1691 Ex
304 1664 426 1691 eausa
467 1664 642 1701 rursum,
682 1656 755 1691 aut
788 1650 953 1706 speciali
990 1650 1224 1706 acceptione
1255 1650 1439 1706 justitiae,
1476 1656 1549 1692 aut
1587 1651 1654 1691 illa
1673 1623 1874 1707 ᾗξζῆςῖιὲἒῃι

198 1715 394 1772 generali,
433 1730 515 1770 qua
557 1715 685 1756 omnis
723 1716 927 1757 rectitudo
972 1731 1019 1757 eo
1062 1716 1175 1758 venit
1214 1716 1388 1758 nomine.
1460 1713 1726 1772 specialis³·⁶·

198 1781 378 1837 acceptio
414 1780 563 1822 iterum
602 1781 798 1823 dividitur
834 1781 874 1822 in
913 1796 1001 1823 eam
1038 1797 1129 1837 quae
1165 1782 1218 1823 ad
1253 1796 1354 1837 opus
1389 1782 1582 1837 pertinet,
1616 1787 1659 1823 et

198 1861 301 1896 eam,
341 1861 433 1902 quae
467 1846 648 1902 pertinet
683 1847 737 1888 ad
778 1853 1040 1903 operantem3
1078 1862 1252 1902 quarum
1289 1847 1376 1888 ¹illa
1411 1854 1546 1903 potest
1581 1847 1660 1889 dici

199 1952 372 1990 quaestione
399 1951 443 1980 iii.
473 1953 546 1988 post
574 1960 600 1979 e.
630 1951 818 1989 Episcopus,
845 1951 895 1981 65.
963 1951 1082 1987 tira,in
1098 1952 1164 1980 sola
1179 1951 1281 1990 prima
1295 1952 1442 1981 Editione
1455 1953 1662 1991 leguntur,et

198 1999 529 2038 distinguitjustitiam
544 2010 655 2035 causor,
677 2000 807 2037 ordinis,
823 2001 893 2029 ani·
962 2001 994 2030 in
1017 2001 1085 2030 aliis
1105 2002 1219 2030 omissa
1242 2005 1316 2030 sunt
1337 2003 1458 2031 incuria
1477 2004 1662 2042 typotheta-

197 2052 248 2080 mz'.
961 2061 1041 2088 rum,
1057 2055 1093 2081 ut
1108 2051 1209 2089 quivis
1224 2052 1318 2081 videt.
1359 2052 1395 2082 J.
1410 2053 1453 2083 B.

259 2098 267 2117 ¹
292 2099 368 2129 Haec
383 2099 499 2136 omnia,
514 2109 646 2138 quarum
661 2100 719 2129 illa
726 2122 795 2127 ......
800 2109 894 2138 neqa-

269 2265 358 2299 XII.
406 2265 481 2298 But
497 2263 602 2298 when
624 2263 688 2298 the
717 2263 815 2309 right
841 2264 870 2299 is
896 2265 1124 2311 ambiguous,
1145 2266 1219 2301 and
1243 2267 1389 2303 neither
1409 2268 1438 2303 is
1460 2268 1497 2302 in
1517 2280 1661 2315 posses-

202 2322 293 2361 sion,
315 2332 357 2355 or
373 2321 465 2355 each
486 2321 514 2354 is
539 2321 686 2366 equally
704 2331 754 2362 sc,
773 2321 862 2355 then
886 2321 920 2355 if
937 2333 1006 2357 one
1029 2323 1071 2357 of
1091 2323 1154 2358 the
1174 2325 1313 2370 parties
1335 2325 1457 2361 refuso
1478 2331 1516 2361 to
1538 2327 1660 2361 divide

202 2378 266 2412 the
288 2382 424 2412 matter
443 2377 480 2410 in
501 2383 681 2422 question,
698 2377 746 2412 he
767 2378 795 2412 is
816 2383 854 2412 to
877 2378 922 2413 be
943 2379 1128 2414 reekoned
1149 2382 1286 2426 unjust.

275 2435 385 2468 XIII.
438 2438 454 2467 1
490 2434 600 2467 From
625 2434 723 2468 what
747 2446 801 2469 we
828 2435 921 2470 have
947 2437 1037 2478 said,
1059 2449 1112 2472 we
1136 2449 1221 2484 may
1242 2438 1370 2473 decide
1400 2439 1464 2473 the
1489 2440 1660 2485 question

203 2491 334 2526 moved
348 2491 397 2536 by
413 2502 522 2536 many
540 2491 689 2532 writers,
702 2491 867 2526 whether
887 2504 909 2527 a
927 2505 1010 2535 war,
1033 2495 1211 2539 regarded
1234 2496 1272 2529 in
1290 2496 1480 2530 reference
1498 2501 1536 2530 to
1555 2497 1660 2531 those

203 2548 284 2582 who
306 2559 368 2582 are
387 2547 449 2582 the
470 2548 649 2593 principal
671 2559 813 2583 movers
834 2550 876 2583 of
904 2550 943 2591 it,
972 2562 1038 2584 ean
1068 2551 1114 2585 be
1140 2553 1218 2597 just
1244 2564 1291 2587 on
1317 2552 1408 2587 both
1437 2553 1544 2588 sides.
1591 2554 1660 2588 We

205 2610 303 2638 must
329 2604 547 2649 distinguish
574 2604 718 2639 various
738 2608 987 2651 acceptations
1009 2608 1052 2641 of
1075 2608 1137 2642 the
1168 2610 1265 2643 word
1290 2611 1377 2655 just.
1440 2609 1472 2643 A
1500 2610 1605 2655 thing
1631 2611 1660 2644 is

205 2661 323 2696 called
349 2662 425 2705 just
452 2661 548 2695 from
578 2661 625 2695 its
658 2673 777 2703 cause,
806 2674 848 2697 or
874 2663 970 2697 from
994 2665 1039 2698 its
1073 2666 1191 2699 est'eet.
1240 2666 1323 2699 And
1356 2666 1475 2710 again,
1495 2666 1593 2701 from
1613 2667 1660 2702 its

206 2730 325 2758 cause,
347 2718 466 2752 either
495 2719 531 2751 in
552 2717 616 2752 the
637 2719 773 2763 special
794 2721 1025 2764 acceptation
1055 2721 1097 2755 of
1121 2722 1265 2765 justice,
1287 2733 1328 2756 or
1350 2722 1385 2755 in
1409 2722 1490 2756 that
1509 2724 1660 2768 general

205 2775 438 2820 acceptation
475 2775 512 2808 in
544 2774 661 2808 which
693 2775 741 2808 all
774 2777 956 2810 rectitudo
981 2788 1023 2810 or
1056 2778 1238 2821 rightness
1270 2790 1392 2813 comes
1424 2780 1543 2814 under
1578 2781 1661 2816 that

205 2842 324 2866 name.
369 2833 498 2876 Again,
522 2831 585 2866 the
606 2832 741 2877 special
764 2834 994 2877 acceptation
1018 2834 1045 2867 is
1069 2834 1214 2869 divided
1243 2835 1320 2870 into
1346 2835 1428 2870 that
1453 2836 1570 2871 which
1595 2837 1660 2872 be·

205 2889 308 2934 longs
326 2894 363 2923 to
385 2889 448 2923 the
466 2894 525 2923 act
542 2889 650 2930 itself‚
667 2889 738 2922 and
761 2889 840 2923 that
863 2889 976 2924 which
1000 2890 1150 2936 belongs
1176 2896 1214 2926 to
1238 2892 1302 2927 the
1325 2898 1455 2938 agent3
1484 2894 1527 2929 of
1544 2895 1661 2929 which

204 2945 267 2981 the
286 2945 425 2981 former
445 2957 528 2993 may
549 2946 594 2981 be
617 2946 732 2981 called
751 2947 916 2993 positive,
940 2947 1001 2983 the
1019 2947 1131 2983 latter
1148 2950 1329 2995 negative.
1370 2950 1444 2985 For
1464 2951 1527 2987 the
1550 2957 1661 2998 agent
