2018 3204
388 95 472 136 334
979 101 1047 135 DE
1078 100 1258 135 POENIS.
1683 98 1778 143 [Lm.
1793 100 1844 135 11.

480 213 507 253 3
553 207 815 253 kHaeretious
839 208 1068 265 Augustino
1092 209 1126 250 is
1149 209 1312 250 demum
1337 208 1406 263 qui
1429 208 1597 264 alicujus
1620 204 1842 265 ¹tempora-

385 276 435 318 lis
456 277 654 318 commodi
677 281 719 317 et
742 274 916 316 maxime
940 274 1084 331 gloriae
1109 274 1439 330 principatusque
1460 274 1522 316 sui
1545 274 1693 331 gratia,
1718 275 1843 317 falsas

387 357 435 384 ac
471 357 597 383 novas
635 341 843 396 opiniones
882 340 948 381 vel
989 340 1126 396 gignit
1158 340 1223 382 vel
1256 339 1451 395 sequitur.
1522 340 1753 382 Audiamus
1791 341 1843 382 de

167 419 369 480 ssgffgbgrssqt-
388 407 558 449 Arianis
583 406 839 448 Salvianum:
879 407 1071 447 haeretiei
1090 414 1201 458 sunt,
1234 408 1308 448 sed
1330 421 1413 447 non
1435 407 1611 448 scientes
1627 422 1640 447 .·
1664 407 1843 461 denique

168 480 221 503 ¹⁰⁰·
386 476 507 528 apud
529 488 604 514 nos
624 480 723 515 sunt
751 473 954 520 ltaeretici,
991 473 1110 527 apud
1132 487 1175 514 36
1203 487 1286 513 non
1309 481 1407 514 sunt
1422 487 1436 513 .·
1471 487 1574 513 nam
1596 474 1643 514 in
1675 480 1843 513 tantum

385 554 428 581 se
466 540 712 581 Catliolicos
750 553 835 580 esse
861 538 1080 592 judicant,
1119 546 1166 579 ut
1203 552 1278 579 nos
1315 540 1430 593 ipsos
1471 539 1596 580 titulo
1634 539 1843 580 liaeretioae

377 606 622 661 pravitatis
644 606 868 660 infament.
928 605 1050 651 Quod
1083 618 1180 658 erqo
1202 605 1274 645 illi
1304 605 1424 646 nobis
1453 612 1564 654 sunt,
1596 612 1635 646 et
1657 605 1734 646 Ιιοο
1767 618 1843 645 nos

383 672 487 713 illis.
557 672 652 713 Nos
691 671 789 712 illos
822 670 1034 724 injuriam
1070 671 1229 711 divinoe
1261 671 1528 723 yenerationi
1550 671 1702 724 faeere
1736 670 1843 711 certi

383 752 528 779 sumus
544 753 558 778 .·
592 738 705 792 quod
728 737 929 778 minorem
955 737 1098 777 Patre
1120 736 1289 776 Filium
1312 737 1474 777 dicant.
1532 737 1613 776 Illi
1635 750 1710 777 nos
1730 735 1842 788 inju-

382 805 518 846 riosos
544 804 673 844 Patri
702 803 964 849 existimant,
999 802 1112 856 quod
1142 802 1327 855 aequales
1351 816 1436 843 esse
1460 802 1698 843 credamus.
1768 802 1842 842 Ve-

382 871 496 911 ritas
519 870 638 924 apud
661 883 735 909 nos
759 876 832 916 est,
864 868 939 910 sed
960 868 1032 908 illi
1055 868 1176 922 apud
1198 881 1240 908 se
1259 881 1344 909 6336
1360 874 1640 921 prcesumunt.
1693 867 1842 908 ,Honos

381 936 472 977 Dei
502 936 623 990 apud
651 949 726 976 nos
749 942 821 982 est,
847 935 919 976 sed
946 934 1018 974 illi
1041 934 1117 974 hoc
1148 934 1427 974 arbitrantur
1455 934 1652 974 honorem
1682 933 1842 974 divini-

384 1002 490 1043 tatis
515 1002 627 1056 quod
659 1001 847 1041 eredunt.
917 1000 1146 1054 Inoffieiosi
1176 1006 1291 1047 sunt,
1320 1000 1394 1040 sed
1419 999 1511 1040 illis
1537 1000 1615 1040 hoo
1643 1006 1703 1040 est
1729 1013 1841 1040 sum-

381 1082 497 1108 mum
517 1067 740 1121 reliyionis
762 1067 954 1120 officium.
1010 1066 1147 1119 Impii
1169 1073 1283 1112 sunt,
1320 1066 1394 1106 sed
1416 1066 1493 1106 hoe
1510 1073 1672 1119 putant
1694 1079 1841 1106 veram

381 1147 467 1174 6336
489 1134 709 1188 pietatem.
778 1132 953 1173 Errant
984 1145 1094 1185 erqo,
1119 1132 1192 1172 sed
1216 1132 1359 1172 mbono
1387 1132 1532 1172 animo
1563 1138 1725 1179 errant,
1757 1145 1841 1172 non

381 1200 479 1239 odio
502 1199 576 1240 sed
595 1200 751 1252 affectu
774 1198 873 1244 Dei,
898 1198 1108 1238 honorare
1130 1210 1173 1237 36
1196 1198 1414 1238 dominum
1439 1205 1561 1252 atque
1580 1211 1730 1238 amare
1753 1211 1839 1238 cre-

379 1264 535 1305 dentes.
605 1263 812 1314 Quamvis
832 1277 914 1303 non
936 1263 1122 1303 habeant
1151 1270 1312 1303 rectam
1327 1264 1471 1316 fidem,
1495 1263 1568 1303 illi
1598 1271 1739 1303 tamen
1763 1263 1839 1303 hoo

373 1330 611 1384 perfectam
634 1329 722 1369 Dei
745 1328 960 1368 aestimant
985 1328 1241 1375 caritatem;
1273 1336 1311 1369 et
1335 1329 1524 1382 qualiter
1538 1342 1624 1382 pro
1647 1329 1723 1369 hoc
1745 1329 1839 1382 ipso

365 1395 504 1449 falsae
538 1394 753 1449 opinionis
786 1407 928 1434 errore
962 1394 1010 1434 in
1039 1394 1109 1434 die
1129 1393 1297 1446 judieii
1319 1394 1534 1448 puniendi
1564 1395 1663 1441 sint,
1694 1395 1840 1435 nnemo

370 1468 513 1516 potest
535 1461 646 1502 seire
671 1460 760 1501 nisi
773 1459 921 1513 judex.
979 1460 1162 1500 Interim
1187 1460 1351 1501 ideireo
1373 1460 1445 1508 eis,
1471 1467 1518 1500 ut
1542 1474 1649 1509 reor,
1666 1461 1840 1514 patiew

435 1574 451 1596 k
473 1575 647 1605 Hoereticus
682 1575 869 1614 Auqustz'no]
908 1575 1005 1604 Libro
1039 1574 1077 1604 de

382 1625 526 1656 Utilitate
543 1626 697 1655 Credendz'
716 1627 796 1664 (eap.
815 1627 844 1664 1)
866 1626 954 1654 locus
976 1625 1075 1654 refer-

376 1678 429 1705 tur
443 1676 475 1704 in
491 1684 616 1704 eausam
631 1684 728 1705 xxiv.
750 1676 924 1714 quaestione
937 1677 968 1704 3.
983 1684 1010 1704 e.
1024 1675 1073 1704 28.

376 1725 479 1754 Addit
495 1726 706 1763 Augustinus,
727 1735 791 1754 non
806 1725 890 1754 idem
905 1725 963 1753 sibi
977 1724 1076 1753 videri

377 1775 560 1803 haereticum
579 1778 611 1804 et
630 1775 787 1804 haereticis
813 1775 994 1803 credentem
1017 1774 1074 1802 ho-

377 1825 505 1854 minem.
546 1825 628 1854 Vide
651 1825 786 1853 eundem
810 1825 944 1862 epistola
967 1832 1074 1853 CLXH.

376 1874 515 1903 Haeresis
546 1874 758 1902 obstinatioris
783 1874 880 1902 animi
902 1874 1072 1902 dementia:

375 1924 397 1953 1.
412 1925 442 1953 2.
458 1933 484 1951 e.
501 1923 537 1951 de
550 1932 668 1951 summa
687 1923 850 1957 Trinitate,
870 1922 971 1959 princ.
1013 1921 1075 1959 [At

375 1973 459 2001 illius
480 1971 662 2009 pertinaciae
683 1971 767 1999 solus
787 1971 874 2000 Deus
890 1971 995 2000 Judex
1017 1974 1075 2006 est,

374 2024 412 2050 ut
425 2022 465 2049 ab
480 2021 686 2056 Auctoribus,
708 2021 747 2049 de
761 2021 875 2058 quibus
892 2020 985 2049 modo
1000 2020 1073 2056 dixi,

374 2071 560 2101 indicatum.
600 2071 635 2101 J.
652 2070 712 2109 B.]

436 2120 444 2141 ¹
468 2120 663 2158 Temporalis
696 2119 846 2148 commodi
880 2122 909 2148 et
941 2119 1075 2148 maxime

373 2171 485 2210 ylorz’oe
495 2171 751 2209 principatusque
764 2170 814 2198 sui
822 2169 945 2208 qratia]
968 2170 1074 2208 Scrip-

373 2224 425 2250 tor
452 2229 668 2258 responsorum
690 2219 735 2248 ad
755 2219 944 2247 orthodoxos
971 2228 1074 2257 quaes-

374 2271 460 2299 tione
475 2279 519 2299 Π.
543 2269 634 2307 (pag.
649 2270 717 2297 308.
744 2268 827 2297 inter
847 2270 930 2306 Opp.
954 2268 1073 2297 Justin.

374 2321 506 2358 Blartyr.
528 2319 593 2348 Ed.
611 2318 774 2356 Sylburq.)
796 2317 892 2351 δῆλοί
913 2319 996 2346 εἰσιν
1018 2317 1073 2347 ὅτι

374 2369 410 2398 ἐκ
425 2368 621 2407 φιλοδοξίας
635 2367 652 2402 ἢ
672 2366 890 2396 ἀντιπαθείας
904 2368 971 2395 τῶν
986 2367 1072 2403 αἶρε-

374 2420 522 2456 σιαρχῶν
540 2416 648 2446 παίσαι
671 2416 704 2445 αἱ
726 2415 867 2452 αἱρέσεις
886 2415 946 2444 τιίς
965 2416 1072 2454 α’φορ-

373 2467 436 2506 μιίς
464 2466 630 2506 ἐσχήκασι
653 2468 713 2500 τῆς
736 2464 930 2494 συστάσεως
953 2467 1071 2494 αὐτῶν·

374 2520 515 2555 apertum
528 2520 572 2546 est
588 2526 625 2546 esc
645 2515 816 2554 cupiditate
836 2515 943 2553 qlorz'ae
966 2518 1020 2543 aut
1033 2523 1071 2543 ex

1143 1575 1287 1604 aemulatu
1303 1576 1357 1613 qui
1373 1575 1495 1613 primos
1508 1577 1680 1613 repertores
1698 1575 1840 1613 aqitave-

1142 1625 1195 1661 rit,
1216 1628 1316 1653 sectas
1330 1634 1431 1653 omnes
1445 1624 1610 1653 exsistendi
1626 1623 1776 1662 oriqz'uem
1789 1632 1839 1653 ce-

1136 1675 1232 1712 pisse.
1276 1675 1518 1713 Chrysostomus
1537 1673 1577 1702 ad
1599 1673 1670 1702 Gal.
1684 1683 1712 1702 v.
1732 1672 1750 1708 η’
1771 1673 1838 1711 γάρ

1141 1725 1209 1752 τῶν
1225 1723 1382 1761 αἱρέσεων
1395 1723 1518 1762 μήτηρ,
1540 1722 1558 1758 ἦ
1577 1725 1638 1758 τῆς
1653 1723 1839 1761 φιλαρχίας

1142 1771 1236 1801 ἐστὶν
1258 1773 1424 1810 ἐπιθυμία·
1445 1777 1544 1803 mater
1557 1774 1729 1810 haeresium,
1750 1773 1838 1811 cupi-

1141 1820 1227 1850 ditas
1233 1823 1445 1860 principatus.
1471 1823 1523 1860 (In
1533 1825 1670 1854 vers.13.
1686 1832 1760 1861 pag.
1769 1824 1838 1852 754.

1142 1870 1233 1898 Tom.
1249 1872 1315 1909 111.)

1200 1925 1223 1940 m
1243 1922 1333 1949 Bono
1348 1921 1451 1950 animo
1465 1921 1587 1960 errant]
1610 1922 1765 1959 Agathias
1784 1921 1838 1950 ubi

1141 1970 1179 1999 de
1203 1971 1450 1999 Alemannorum
1473 1972 1616 2000 absurdis
1638 1972 1835 2009 superstitio-

1141 2019 1232 2047 nibus
1257 2024 1365 2058 egerat
1390 2021 1591 2049 historiarum
1615 2029 1638 2050 1.
1670 2021 1837 2050 ἐλεεῖσθαι

1139 2069 1198 2105 μὲν
1225 2070 1280 2098 οὖν
1307 2069 1325 2104 ἣ
1359 2070 1625 2109 χαλεπαίνεσθαι
1651 2072 1770 2101 ὂὶκαιοι
1797 2071 1837 2101 ἂν

1141 2118 1206 2146 εἶεν
1220 2118 1274 2147 καὶ
1288 2118 1452 2153 πλείστης
1467 2119 1739 2158 μεταλαγχάνειν
1753 2131 1837 2158 συγ-

1141 2167 1281 2206 γνώμης,
1302 2167 1450 2196 ἅπαντες
1471 2168 1543 2197 ὅσοι
1562 2169 1599 2204 δή
1618 2170 1678 2198 τοῦ
1697 2169 1835 2204 α’ληθοῦς
1863 2202 1866 2203 ⁷

1139 2216 1397 2255 ἁμαρτάνουσιν.
1427 2219 1462 2246 οὒ
1486 2219 1552 2256 ’γάρ
1577 2218 1680 2253 δήπου
1705 2218 1836 2248 ἑκόντες

1139 2268 1287 2297 ἀλῶνται
1311 2268 1365 2296 καὶ
1387 2268 1640 2305 ὀλισθαίνουσιν,
1662 2269 1754 2299 ἀλλά
1775 2271 1836 2299 τοῦ

1139 2317 1266 2356 ἀγαθοῦ
1292 2317 1469 2355 ἐφιέμενοι,
1497 2318 1616 2349 ἔπειτα
1645 2320 1836 2357 σφαλέντες

1139 2368 1183 2404 τῇ
1198 2367 1315 2403 κρίσει,
1335 2367 1376 2396 τὸ
1398 2367 1520 2397 λοιπὸν
1543 2368 1682 2407 ἔχονται
1700 2370 1768 2399 τῶν
1783 2371 1834 2399 δο-

1139 2416 1304 2450 κηθέντων
1326 2416 1443 2454 α’πρὶξ,
1463 2417 1564 2447 ὁποῖα
1587 2418 1678 2448 ἅττα
1700 2420 1752 2449 καὶ
1776 2421 1835 2449 τύ-

1139 2476 1230 2503 χοιεν
1245 2465 1336 2494 ὄντα·
1361 2466 1557 2495 miseratione
1570 2477 1663 2505 quam
1677 2469 1749 2497 odio
1764 2469 1834 2507 diq-

1139 2514 1242 2543 πίονες
1260 2517 1339 2550 sunt,
1360 2524 1399 2544 ac
1416 2515 1493 2544 tales
1509 2517 1619 2554 quibus
1637 2517 1755 2556 iynosci
1766 2527 1835 2556 par

443 2687 463 2717 3
493 2683 564 2723 He,
580 2682 653 2716 and
672 2681 721 2716 he
742 2681 840 2726 only,
857 2682 886 2715 is
900 2693 921 2715 a
933 2681 1086 2723 heretic‚
1107 2683 1306 2728 according
1322 2687 1361 2717 to
1383 2683 1599 2729 Augustine,
1611 2683 1693 2718 who
1709 2683 1830 2718 either

375 2738 516 2772 devisos
547 2750 589 2772 or
614 2738 757 2773 follows
787 2738 879 2772 false
904 2739 977 2773 and
1007 2750 1088 2773 new
1108 2740 1289 2785 opinions,
1313 2740 1373 2774 for
1397 2741 1461 2775 the
1486 2741 1573 2775 sake
1599 2741 1642 2775 of
1667 2741 1723 2775 his
1749 2751 1830 2774 own

374 2794 593 2838 advantage,
613 2795 687 2828 and
708 2795 906 2840 especially
927 2796 969 2829 of
985 2795 1042 2830 his
1064 2807 1144 2830 own
1164 2797 1270 2842 glory
1290 2797 1364 2830 and
1384 2808 1519 2842 power.

447 2850 597 2884 Salvian
618 2862 726 2896 urges
753 2851 817 2886 the
842 2852 934 2898 duty
959 2852 1002 2887 of
1027 2853 1228 2888 toleration
1255 2854 1412 2888 towards
1436 2854 1501 2888 the
1525 2853 1667 2892 Arians,
1693 2863 1740 2887 on
1765 2851 1830 2886 tho
