2018 3204
93 420 158 451 rag.
171 419 217 448 765
227 424 252 444 Ε..

92 489 157 520 Cap.
169 489 193 514 5.

308 94 392 136 294
901 97 969 132 DE
1000 95 1183 131 POENIS.
1609 91 1705 136 [Lm.
1725 94 1774 129 II.

315 204 455 269 ζονεῖα
490 208 570 252 τοῦ
604 205 717 263 βίου.
789 204 974 247 Primum
1009 204 1116 246 enim
1140 202 1370 246 membrum
1394 200 1648 259 voluptatem
1670 200 1777 244 desi-

311 273 440 324 deria,
477 273 698 316 secundum
738 270 917 314 habendi
950 269 1229 326 cupiditatem,
1267 268 1435 311 tertium
1476 283 1594 310 vanae
1634 267 1777 325 gloriae

312 339 654 382 consectationem
686 342 728 379 et
758 336 1012 379 iracundiam
1048 335 1343 392 complectitur.
1414 333 1533 376 Philo
1563 333 1607 375 in
1644 334 1776 375 Deca-

312 405 397 462 logi
421 404 691 460 explicatione
722 402 857 444 omnia
889 402 998 444 mala
1027 416 1115 444 esse
1144 401 1252 454 dicit,
1278 398 1329 458 ἐξ
1357 400 1584 451 ἐπιθυμίας
1621 395 1646 451 ἢ
1671 418 1778 460 χρη-

313 469 464 522 μάτων
490 466 514 521 ἣ
541 465 660 526 δόξης
696 464 720 520 ἢ
756 464 913 520 ἡδονῆς.
984 467 1224 510 Lactantius
1248 467 1352 509 libro
1378 472 1518 509 sexto:
1554 467 1695 508 virtus
1717 473 1778 508 est

312 539 430 579 iram
453 536 654 584 cohibere,
681 536 964 591 cupiditatem
988 548 1254 589 compescere,
1283 534 1505 575 libidinem
1529 533 1776 586 refraenare.

311 604 433 645 Nam
455 603 556 657 fere
590 602 736 644 omnia
765 616 857 654 quoe
879 602 995 655 fiunt
1028 601 1183 654 injuste
1220 607 1348 654 atque
1386 599 1587 654 improbe,
1623 598 1680 639 ab
1711 598 1779 639 his

313 669 515 711 oriuntur
538 668 763 724 affectibus
778 682 791 708 .·
827 665 937 722 quod
961 671 1003 708 et
1026 665 1124 707 alibi
1148 665 1310 721 repetit.

415 734 555 775 XXX.
624 735 647 774 1
699 733 846 781 Causa,
875 746 967 788 quae
1000 746 1026 773 a
1060 730 1333 787 delinquendo
1367 730 1611 772 abstrahere
1643 727 1780 776 debet,

315 799 521 858 generalis
564 804 627 841 est
667 797 875 854 injustitia.
940 798 1168 839 Versamur
1209 796 1318 838 enim
1361 810 1443 837 non
1486 795 1529 836 in
1571 793 1782 850 quibusvis

315 865 519 922 peccatis;
556 865 629 907 sed
663 864 706 906 in
740 864 789 906 iis
821 878 913 919 quae
943 868 1175 919 respectum
1209 862 1366 904 habent
1389 866 1509 903 extra
1530 865 1782 917 peccantem.

317 931 527 987 Injustitia
565 946 614 973 eo
651 936 713 972 est
749 929 881 986 major
919 943 999 985 quo
1036 928 1168 984 majus
1204 927 1326 970 alteri
1363 927 1557 969 damnum
1593 925 1782 967 infertur.

318 997 420 1039 Ideo
444 997 622 1054 primum
656 996 790 1038 locum
820 995 1007 1038 obtinent
1039 992 1188 1037 delicta
1213 999 1505 1043 consummata,
1530 997 1785 1049 postremum

317 1077 410 1119 quae
445 1063 499 1105 ad
533 1068 649 1105 actus
679 1062 837 1118 aliquos
868 1061 941 1103 sed
970 1076 1052 1103 non
1087 1061 1142 1103 ad
1173 1060 1360 1103 ultimum
1393 1062 1706 1116 processerunt:
1742 1056 1786 1098 in

318 1129 467 1184 quibus
489 1134 606 1171 tanto
630 1128 810 1184 quidque
841 1133 903 1169 est
934 1126 1114 1184 gravius,
1141 1141 1222 1182 quo
1251 1125 1423 1168 ulterius
1447 1123 1660 1181 processit.
1731 1123 1784 1164 In

317 1194 476 1237 utrovis
499 1208 653 1251 genere
681 1208 731 1236 ea
761 1192 961 1248 injustitia
994 1192 1158 1241 eminet,
1190 1206 1283 1247 quae
1314 1205 1568 1232 communem
1599 1188 1786 1231 ordinem

318 1260 550 1316 perturbat,
575 1274 623 1301 ac
654 1259 831 1316 proinde
865 1258 1053 1314 plurimis
1086 1263 1217 1300 nocet.
1285 1256 1484 1312 Sequitur
1514 1270 1563 1298 ea
1587 1269 1680 1311 quae
1706 1254 1786 1296 sin-

318 1325 436 1383 gulos
474 1324 620 1383 tangit.
688 1324 871 1367 Maxima
913 1324 980 1366 hic
1025 1329 1088 1366 est
1133 1338 1226 1379 quae
1273 1322 1425 1366 vitam:
1463 1321 1654 1379 proxima
1692 1334 1786 1376 quae

378 1447 390 1463 ¹·
410 1442 571 1472 Interdum
593 1444 621 1471 et
644 1441 736 1471 aliud
753 1441 873 1471 accedit
893 1440 1020 1479 vitium]

319 1492 402 1522 Vide
424 1492 530 1521 locum
558 1492 715 1530 insignem
742 1492 775 1519 in
798 1491 894 1520 Lucae
921 1491 1024 1519 verbis

319 1541 404 1579 apud
419 1541 621 1579 Xiphilinum
637 1551 676 1570 ex
690 1541 806 1570 Dione.
831 1540 883 1578 [In
899 1540 1024 1568 Editio-

319 1591 412 1620 nibus
419 1591 683 1629 praecedentibus,
691 1591 761 1619 loco
769 1599 881 1619 vocum
888 1589 1024 1625 illarum,

320 1641 418 1670 Lucoe
431 1641 542 1676 verbis,
557 1640 696 1678 positum
712 1640 829 1677 fuerat,
844 1639 938 1667 Lucii
947 1638 1023 1667 rita.

321 1690 480 1720 Nimirum
493 1690 640 1719 Editores
656 1691 847 1727 putaverant
861 1689 906 1717 ita
917 1696 1025 1716 emen-

1086 1449 1144 1469 nos
1166 1439 1335 1468 amandare
1356 1438 1534 1468 voluerunt.
1579 1438 1639 1467 Est
1660 1438 1788 1476 quidem

1087 1490 1156 1519 heic
1172 1490 1330 1525 mendum,
1352 1489 1407 1518 sed
1429 1489 1461 1517 in
1484 1489 1551 1517 sola
1572 1498 1648 1518 voce
1671 1489 1786 1518 Lucoe:

1089 1540 1174 1578 quod
1190 1549 1246 1568 nos
1261 1539 1416 1568 detexisse
1431 1548 1603 1576 speramus.
1633 1538 1791 1567 Nimirum

1089 1590 1122 1618 in
1137 1589 1241 1618 animo
1256 1589 1368 1617 habuit
1382 1589 1514 1624 Auctor,
1525 1589 1611 1626 quod
1625 1589 1664 1617 de
1676 1588 1791 1617 Avidio

1091 1638 1201 1668 Cassio
1216 1638 1292 1666 (licit
1307 1638 1433 1666 Marcus
1449 1637 1642 1674 Antoninus,
1661 1637 1693 1666 in
1711 1637 1793 1667 Ora-

1090 1688 1176 1717 tione
1191 1688 1231 1716 ad
1247 1687 1366 1716 Milites
1381 1687 1500 1723 habita,
1520 1687 1576 1716 ubi
1599 1696 1636 1716 eo
1656 1687 1794 1716 atrocio-

322 1740 461 1769 dandum
490 1740 607 1775 locum,
638 1748 736 1777 quum
764 1738 923 1768 nescirent
950 1737 1025 1775 quid

322 1789 381 1817 sibi
396 1789 500 1817 vellet.
543 1789 586 1817 Hi
598 1791 703 1817 tamen
720 1788 812 1816 simul
826 1796 955 1816 monere
971 1787 1026 1815 de-

322 1839 469 1874 buerant,
492 1838 563 1875 quis
586 1838 626 1866 sit
648 1838 701 1866 ille
721 1837 850 1870 Lucius,
873 1837 913 1864 ad
937 1836 1026 1872 cujus

323 1888 443 1924 Vitam,
458 1897 477 1916 a
491 1887 658 1925 Xiphilino
673 1887 834 1925 scriptam,
850 1887 1026 1915 Auctorem

1090 1747 1157 1767 rem
1182 1747 1249 1767 esse
1268 1738 1335 1775 ejus
1356 1737 1561 1767 rebellionem
1586 1738 1794 1773 demonstrat,

1091 1786 1176 1824 quod
1205 1786 1368 1815 violaverit
1390 1786 1464 1823 jura
1490 1786 1645 1822 amicitiae,
1673 1785 1794 1823 φιλίαν

1093 1835 1297 1872 ὑπερβάντα.
1335 1835 1417 1864 Vide
1440 1835 1572 1873 reliqua,
1593 1844 1667 1873 pag.
1685 1836 1742 1864 277
1758 1843 1793 1864 Β.

1093 1893 1123 1914 c.
1165 1884 1231 1914 Ed.
1246 1885 1293 1914 II.
1310 1885 1417 1922 Steplz.
1460 1886 1576 1915 Sensus
1590 1885 1656 1921 ille,
1670 1888 1707 1914 ut
1721 1884 1792 1923 qui-

325 2051 445 2087 hends
462 2051 526 2086 the
544 2051 664 2086 desire
681 2051 723 2086 of
740 2051 923 2097 pleasurc‚
942 2050 1006 2085 the
1027 2051 1176 2092 second,
1197 2051 1364 2097 cupidity
1381 2049 1423 2085 of
1435 2049 1582 2095 having,
1599 2049 1664 2084 the
1680 2049 1795 2091 third,

326 2109 392 2144 the
411 2109 558 2154 pursuit
579 2108 621 2142 of
637 2108 723 2143 vain
742 2108 859 2154 glory,
880 2108 954 2142 and
977 2119 1102 2153 anger.
1165 2107 1274 2142 Philo
1301 2118 1382 2153 says
1407 2107 1489 2142 that
1510 2107 1561 2141 all
1581 2107 1653 2142 evil
1671 2117 1794 2141 comes

328 2166 371 2201 of
387 2166 451 2201 the
473 2166 592 2200 desire
613 2165 656 2200 of
673 2165 818 2206 wealth,
838 2165 954 2210 glory‚
976 2176 1018 2199 or
1035 2165 1215 2210 pleasure.
1281 2165 1331 2198 So
1351 2164 1579 2198 Lactantius.

399 2223 529 2257 XXX.
593 2226 610 2255 1
657 2219 832 2266 [Second,
871 2221 914 2256 of
943 2221 1009 2256 the
1046 2221 1291 2266 withholding
1326 2218 1463 2265 cause]
1527 2220 1608 2255 The
1643 2219 1795 2265 general

330 2291 440 2314 cause
460 2278 579 2314 which
599 2278 716 2324 ought
737 2282 776 2313 to
796 2278 976 2313 withhold
997 2290 1082 2313 men
1100 2278 1198 2312 from
1216 2278 1404 2323 offending
1424 2278 1454 2312 is
1470 2278 1617 2323 justice.
1650 2273 1796 2321 [Hence

330 2337 500 2382 injustice
526 2337 556 2371 is
583 2347 605 2370 a
625 2346 794 2370 measure
822 2335 866 2370 of
888 2332 1161 2381 punishment]
1214 2335 1294 2370 The
1321 2335 1493 2380 injustice
1513 2335 1543 2369 is
1564 2333 1629 2368 the
1648 2337 1797 2379 greater

331 2405 370 2428 as
402 2394 465 2428 the
497 2396 647 2438 greater
677 2393 833 2438 damage
869 2393 899 2427 is
927 2393 1024 2427 done
1054 2396 1093 2427 to
1130 2403 1203 2438 any
1235 2403 1317 2427 one.
1381 2391 1585 2426 Therefore
1618 2390 1682 2425 the
1717 2390 1797 2424 first

331 2451 438 2496 place
457 2450 611 2495 belongs
632 2454 670 2485 to
692 2449 972 2484 consummated
993 2450 1146 2490 crimes3
1176 2449 1239 2483 the
1257 2452 1355 2489 next,
1374 2451 1413 2483 to
1440 2448 1547 2483 those
1570 2447 1688 2482 which
1703 2446 1797 2481 have

332 2507 541 2553 proceeded
562 2510 601 2541 to
621 2517 723 2542 some
744 2510 832 2547 acts,
852 2507 920 2541 but
944 2510 1011 2541 not
1031 2510 1070 2540 to
1091 2505 1156 2540 the
1172 2506 1265 2547 last3
1287 2505 1360 2540 and
1377 2516 1513 2550 among
1533 2505 1649 2546 these,
1670 2515 1798 2549 every-

333 2564 440 2609 thing
460 2565 490 2598 is
510 2563 575 2598 tho
601 2574 704 2598 more
725 2564 895 2608 grievous
916 2564 954 2597 in
980 2563 1199 2609 proportion
1221 2574 1260 2598 as
1282 2563 1310 2597 it
1331 2562 1398 2597 has
1414 2573 1511 2607 gone
1531 2561 1690 2596 further.
1752 2560 1797 2594 In

334 2621 427 2655 each
453 2621 557 2662 class,
581 2620 664 2655 that
694 2620 866 2666 injustice
890 2619 957 2655 has
984 2631 1031 2654 an
1063 2620 1230 2654 eminent
1257 2619 1363 2665 place
1387 2619 1508 2653 which
1540 2617 1702 2652 disturbs
1733 2616 1798 2651 tho

336 2688 509 2712 common
529 2677 649 2718 order,
670 2677 744 2711 and
764 2677 952 2712 therefore
973 2677 1078 2711 hurts
1105 2677 1170 2711 the
1189 2680 1353 2722 greatest
1373 2676 1551 2717 number3
1569 2675 1651 2709 that
1676 2683 1798 2709 comes

337 2733 446 2774 after,
473 2733 592 2768 which
618 2734 745 2769 affects
773 2734 1008 2769 individuals.
1072 2733 1152 2768 The
1184 2737 1347 2778 greatest
1375 2733 1513 2767 offense
1541 2731 1631 2766 here
1658 2731 1688 2765 is
1716 2729 1799 2764 that

338 2789 458 2823 which
478 2791 605 2825 affects
625 2791 713 2832 life;
744 2791 808 2825 the
826 2795 925 2832 next,
945 2791 1086 2837 family,
1104 2791 1147 2825 of
1163 2790 1282 2825 which
1302 2790 1366 2825 the
1382 2789 1602 2824 foundation
1621 2788 1651 2821 is
1670 2785 1800 2820 matri-

339 2855 452 2892 mony
463 2858 473 2887 ;
490 2846 554 2880 the
573 2847 656 2888 last,
676 2848 859 2883 desirablc
880 2847 1031 2893 objects,
1052 2847 1172 2883 either
1192 2847 1349 2893 directly
1365 2847 1414 2893 by
1431 2844 1660 2889 subtracting
1679 2842 1797 2884 them,
