2018 3204
947 421 1136 463 CAPUT
1169 421 1221 461 X.

485 536 554 571 DE
586 533 934 571 OBLIGATIONE
968 533 1087 574 QUAE
1118 533 1190 568 EX
1218 532 1445 568 DOMINIO
1477 533 1683 569 ORITUR.

401 650 431 683 I.
498 648 675 693 Obliyatio
696 647 882 681 redclenelae
911 646 1053 680 domino

496 705 548 739 rei
584 705 709 739 alienoe
740 705 833 738 unde
863 709 894 738 et
922 703 1049 748 qualis.

497 760 710 805 [Eoestamici
757 761 968 801 lrestituere,
1023 766 1054 794 et

498 825 673 864 quantum
693 819 732 852 in
747 829 780 852 se
801 823 849 852 est
871 818 994 863 efficere
1014 823 1053 851 ut

497 876 706 910 reddantur.

398 933 447 967 II.
497 933 582 966 Non
609 927 849 976 eoestcmztibus‚]
886 931 1053 977 obliyatio

497 990 537 1023 cle
569 990 742 1023 reddendo
775 1000 811 1022 eo
847 989 942 1033 quod
976 988 1054 1033 quis

498 1046 672 1091 lucrifecit
707 1056 748 1079 ea:
783 1045 922 1079 alieno.-
975 1056 1054 1090 quoe

497 1103 618 1137 multis
635 1102 798 1147 eoeemplis
814 1102 1031 1137 illustratur.

389 1159 459 1193 III.
495 1159 609 1193 Bonce
634 1159 723 1205 fidei
748 1169 979 1204 possessorem
1005 1159 1056 1191 ced

497 1217 748 1250 restitutionem
775 1227 847 1249 non
880 1215 998 1255 teneri,
1024 1216 1055 1248 si

499 1284 553 1307 res
577 1273 736 1318 perierit.

389 1330 454 1364 IV.
495 1329 662 1364 Eundem
679 1329 786 1363 teneri
802 1329 853 1362 ad
872 1329 1054 1363 restituen-

497 1387 558 1420 dos
567 1387 719 1431 siwinus
735 1391 925 1420 exstantes:

397 1442 444 1476 V.
497 1443 549 1477 Et
566 1448 770 1483 consumtos,
783 1442 852 1476 uisi
869 1442 960 1476 alias
973 1453 1054 1476 eon-

495 1506 678 1534 sumtzirus
695 1499 891 1546 ozonficerit
902 1512 913 1532 .-

388 1556 454 1590 VI.
497 1556 582 1590 Non
609 1567 673 1597 603,
694 1566 778 1601 quos
804 1555 952 1600 owylexit
970 1566 1054 1600 per-

499 1613 621 1658 cipere.

384 1669 470 1703 VII.
502 1670 587 1703 Non
604 1669 711 1703 teneri
727 1668 873 1703 eundem
890 1668 939 1702 ad
956 1667 1054 1702 resti-

500 1726 668 1761 tutionem
696 1726 758 1766 rei,
779 1737 888 1770 quam
910 1725 1056 1758 donavit

1264 645 1339 687 alii,
1356 657 1436 680 eum
1453 646 1670 681 distinctione
1682 659 1693 680 .·

1139 702 1243 736 VIII.
1264 703 1336 737 Nec
1349 703 1379 737 si
1391 714 1464 737 rem
1474 709 1603 737 emtam
1615 703 1818 744 vendiderit,

1263 759 1426 793 similiter
1441 771 1521 794 cwm
1538 761 1767 795 distinctione.

1153 816 1223 850 IX.
1267 816 1420 858 Quando
1454 817 1613 861 pretium
1650 823 1714 851 aut
1746 817 1819 863 ejus

1259 879 1404 918 partem
1436 884 1575 908 servare
1602 875 1724 919 possit,
1757 873 1818 918 qui

1262 941 1337 964 rem
1354 930 1509 964 alienam
1526 931 1617 964 bona
1623 930 1699 976 fide
1714 930 1808 965 emit.

1164 986 1214 1020 X.
1263 987 1355 1021 Rem
1371 987 1527 1021 alienam
1543 993 1673 1021 emtam
1685 986 1822 1022 restitui

1264 1044 1437 1078 venditori
1456 1055 1528 1078 non
1539 1055 1650 1089 posse.

1159 1100 1228 1135 XI.
1269 1100 1341 1143 Qui
1366 1112 1441 1135 rem
1466 1101 1576 1142 habet,
1600 1101 1698 1146 eujus
1719 1100 1819 1145 iquo-

1264 1163 1364 1192 retur
1379 1157 1554 1198 dominus,
1567 1157 1700 1191 nemini
1712 1156 1821 1192 teneri

1264 1225 1341 1248 eam
1362 1215 1550 1248 concedere.

1265 1270 1318 1305 Ob
1363 1282 1510 1305 causam
1559 1276 1710 1316 turpem,
1755 1276 1820 1305 aut

1263 1327 1396 1372 alioqui
1434 1328 1596 1368 debitam,
1641 1333 1820 1372 acceptum

1264 1395 1337 1418 non
1368 1395 1434 1419 esse
1467 1384 1720 1419 restituendum
1751 1395 1820 1418 oza-

1265 1441 1441 1475 moraliter.

1135 1497 1246 1532 XIII.
1267 1497 1462 1542 Refellitur
1500 1497 1669 1532 sententia
1707 1503 1822 1532 statu-

1265 1565 1323 1588 ens
1361 1566 1493 1595 rerum,
1536 1566 1616 1600 quoe
1653 1555 1822 1600 pondere,

1264 1621 1423 1652 numero,
1450 1623 1618 1645 mensura
1649 1616 1822 1652 constant,

1266 1667 1464 1701 dominium
1479 1668 1552 1702 sine
1576 1679 1740 1703 consensu
1760 1668 1821 1701 do-

1264 1724 1355 1758 mini
1382 1724 1546 1758 transire.

1138 1266 1229 1305 XII.

357 1837 388 1877 I.
446 1837 470 1876 1
611 1833 916 1882 XPLICATO,
950 1837 1149 1888 quantum
1172 1831 1360 1875 instituto
1382 1837 1524 1875 nostro
1548 1831 1706 1882 sufficit,
1723 1831 1822 1889 jure

633 1914 681 1941 eo
704 1899 814 1955 quod
835 1898 876 1940 in
900 1912 1097 1955 personas
1124 1903 1196 1939 aut
1220 1912 1287 1940 res
1308 1898 1425 1940 nobis
1449 1898 1653 1955 competit,
1679 1898 1819 1941 viden-

356 1967 453 2009 dum
478 1966 600 2008 etiam
624 1980 716 2021 quae
740 1964 889 2007 exinde
912 1969 1104 2006 nascatur
1128 1963 1324 2020 obligatio
1353 1964 1574 2007 adversum
1597 1978 1680 2006 nos.
1715 1964 1822 2006 Nas-

357 2032 462 2074 citur·
490 2037 628 2074 autem
664 2031 755 2073 haec
788 2035 861 2073 aut
887 2044 909 2071 e
940 2030 1065 2072 rebus
1093 2029 1348 2072 exstantibus
1372 2030 1527 2084 (rerum
1550 2029 1712 2072 nomine
1731 2028 1820 2085 jam

416 2149 424 2167 ¹
447 2148 578 2179 Uneinis
592 2147 661 2177 heio
675 2156 693 2176 a
707 2156 757 2176 me
771 2146 901 2182 inclusa,
915 2145 948 2174 in
966 2145 1055 2174 nulla

356 2198 552 2233 Editionum‚
575 2206 646 2235 quae
667 2196 737 2225 vivo
759 2196 901 2224 Auctore
926 2195 1052 2233 prodie-

355 2249 534 2284 rint,immo
549 2256 652 2284 neque
662 2246 693 2274 in
708 2246 818 2284 primis
832 2247 905 2284 post
919 2247 1054 2274 mortem

356 2298 424 2336 ejus
438 2297 586 2335 vulgatis,
599 2296 810 2334 reperiuntur.
851 2295 886 2324 J.
900 2295 942 2324 B.

413 2350 427 2365 a
451 2345 582 2373 Tenetur
595 2345 635 2380 is,
650 2344 704 2381 qui
718 2352 783 2372 rem
802 2346 941 2372 nostram
963 2342 1055 2371 habet

355 2397 388 2425 in
405 2404 464 2424 sua
478 2396 642 2432 potestate,
664 2394 783 2432 efficere
802 2396 952 2430 quantum
969 2392 1002 2420 in
1022 2401 1054 2421 se

356 2448 409 2481 est,
422 2447 455 2473 ut
470 2445 503 2473 in
515 2446 653 2472 nostram
661 2445 844 2480 potestatem
857 2440 975 2479 veniat]
997 2442 1052 2470 In-

1123 2147 1172 2174 ter
1199 2147 1359 2184 praeeepta
1385 2145 1532 2184 jubentia
1566 2143 1647 2183 legis
1677 2143 1821 2173 Hebraeis

1124 2195 1206 2224 datae
1221 2198 1278 2230 est,
1291 2199 1328 2224 ut
1348 2204 1398 2224 res
1412 2195 1542 2225 inventa
1555 2194 1742 2224 restituatur
1762 2194 1819 2222 do-

1121 2244 1217 2274 mino.
1260 2245 1425 2282 Praeeepto
1441 2245 1576 2282 jubente
1590 2252 1712 2273 Lxxw.
1733 2243 1821 2272 Fun-

1123 2294 1306 2323 damentum
1332 2294 1364 2323 id
1391 2295 1488 2323 habet
1515 2297 1582 2323 tum
1610 2293 1643 2321 in
1670 2292 1821 2330 aequitate

1123 2343 1270 2379 naturali,
1280 2346 1348 2372 tum
1357 2343 1389 2371 in
1401 2342 1642 2372 Deuteronomii
1648 2341 1718 2370 loeo
1729 2349 1822 2371 xxn.

1123 2395 1151 2422 1.
1175 2393 1418 2431 chrysostomus
1438 2395 1454 2422 1
1478 2392 1618 2422 Corinth.
1635 2401 1664 2420 v.
1680 2392 1710 2420 8.
1734 2391 1819 2419 Ταῦ-

1123 2453 1168 2470 τα
1191 2442 1223 2470 δὲ
1244 2442 1298 2470 καὶ
1319 2441 1349 2470 οἱ
1371 2442 1439 2471 τῶν
1460 2440 1579 2480 ἔξωθεν
1599 2440 1694 2470 ἴσασι
1715 2439 1819 2478 νόμοι,

432 2608 613 2642 CHAPTER
638 2605 688 2640 X.
744 2605 800 2652 Of
813 2605 866 2640 the
889 2604 1092 2650 Obliyation
1111 2605 1222 2638 which
1242 2604 1351 2639 arises
1360 2604 1468 2651 from
1491 2601 1712 2647 Ownership.

430 2698 459 2732 I.
511 2702 530 2731 1
571 2697 719 2741 Having
739 2695 946 2741 explained,
969 2706 1008 2730 as
1026 2695 1084 2729 far
1100 2706 1139 2730 as
1161 2695 1190 2730 is
1211 2695 1387 2741 requisite
1404 2694 1463 2729 for
1480 2705 1548 2729 our
1564 2702 1735 2739 purpose,
1755 2690 1820 2726 the

353 2753 470 2798 Right
482 2753 601 2787 which
613 2764 666 2787 we
682 2764 767 2798 may
778 2752 871 2787 have
891 2763 978 2787 over
994 2763 1147 2798 persons
1162 2763 1204 2787 or
1216 2752 1352 2798 things,
1364 2763 1418 2786 we
1435 2754 1534 2785 must
1551 2760 1633 2784 now
1648 2759 1709 2783 see
1723 2747 1820 2781 what

356 2809 560 2853 obligation
588 2820 688 2853 upon
720 2820 763 2843 us
793 2809 906 2843 arises
941 2808 1159 2844 thet-esrom.

1221 2810 1317 2843 Now
1347 2807 1438 2844 such
1469 2805 1673 2851 obligation
1706 2803 1819 2837 arises

355 2865 475 2900 either
490 2865 586 2898 from
601 2864 724 2909 things
738 2869 876 2906 extant,
897 2864 1106 2912 (including
1123 2866 1161 2900 in
1175 2866 1301 2911 thiozys,
1321 2861 1502 2911 persons,)
1521 2873 1563 2896 or
1578 2861 1677 2896 from
1694 2858 1819 2903 things

357 2925 424 2956 not
445 2924 582 2956 extant.
