2018 3204
247 535 277 569 I.

237 705 287 740 II.

226 876 294 911 111.

225 1047 291 1083 IV.

223 1330 288 1365 VI.

216 1443 303 1479 VII.

203 1558 309 1592 VIII.

224 1671 294 1706 IX.

233 1784 283 1818 X.

221 1898 292 1933 XI.

212 2069 301 2104 XII.

200 2183 310 2218 XIII.

174 2383 208 2423 1.
265 2383 375 2484 Ἃ

172 2512 250 2554 suit
266 2511 547 2568 jurisjurandi.

744 324 933 368 CAPUT
963 326 1086 368 XIII.

664 435 733 469 DE
762 437 1149 475 JUREJURANDO.

353 536 385 570 J
382 536 605 583 urisjurandi
617 544 753 582 quanta
765 539 816 573 vis
831 540 876 574 sit

351 593 458 627 etiam
485 605 526 629 eoe
549 606 781 640 paqanorum
801 597 875 641 opi-

353 650 466 685 nione.

348 705 524 741 Animum
559 707 788 743 deliberatum
823 720 876 743 re-

351 764 459 809 quiri,
475 776 595 810 nempe
610 771 649 799 ut
666 766 743 810 quis
747 766 877 811 jurare

350 821 508 855 voluerit.

351 877 468 912 Verba
479 878 642 925 jurantis
661 878 816 923 obliqare
835 879 875 912 in

349 946 450 969 sensu
475 947 543 981 quo
569 947 608 970 ea
633 936 790 969 creditur
816 947 875 970 ao-

349 992 471 1037 cepisse
491 992 549 1026 cui
556 993 725 1038 juratum
745 997 803 1026 est.

351 1049 605 1083 Juramentum
625 1048 703 1082 dolo
723 1048 876 1082 elicitum

349 1105 490 1150 quando
511 1105 642 1150 obliyet.

347 1161 554 1196 Juramenti
581 1162 686 1195 verba
717 1173 790 1196 non
817 1173 875 1196 ex-

348 1218 521 1252 tendenda
558 1217 659 1252 ultra
700 1223 876 1264 receptum

351 1274 514 1319 loquendi
532 1285 675 1310 morem.

349 1331 606 1365 Juramentum
624 1342 697 1365 non
720 1331 876 1376 obliqare

348 1388 389 1423 de
408 1400 446 1422 re
464 1388 591 1423 illicita
600 1389 772 1435 factum.-

346 1443 423 1479 Aut
452 1446 547 1491 quod
569 1446 738 1491 impediat
758 1446 875 1492 majus

348 1503 477 1536 bonum
497 1502 653 1537 morale:

347 1557 425 1593 Aut
440 1558 471 1592 si
481 1559 629 1605 faotzmn
651 1559 696 1593 sit
715 1558 874 1604 impossi-

348 1615 412 1649 bile
425 1627 437 1648 .·

350 1671 448 1713 Quid
470 1672 500 1705 si
526 1671 734 1716 impossibile
761 1671 805 1705 sit
825 1672 876 1705 ad

348 1728 509 1773 tempus?

345 1785 480 1819 Jurari
510 1784 588 1819 Deo
619 1785 814 1827 nominato,
842 1791 873 1820 et

347 1853 414 1887 quo
434 1853 556 1877 sensu:

345 1898 416 1933 Sed
458 1904 490 1933 et
533 1897 726 1932 nominatis
771 1899 872 1933 rebus

345 1955 439 1997 aliis,
490 1967 571 1990 cum
621 1960 776 2001 respectu
823 1956 874 1990 ad

345 2012 476 2047 Deum.

345 2070 599 2104 Juramentum
634 2080 700 2104 esse
731 2069 871 2104 etiamsi

339 2138 408 2172 per
417 2127 538 2171 falsos
558 2126 652 2161 Deos
660 2127 816 2172 juretur.

346 2183 498 2228 Effectus
505 2183 753 2229 jurisjurandi
763 2195 774 2215 :
790 2183 871 2217 inde

343 2240 508 2286 obliqatio
552 2251 594 2274 ex
630 2240 869 2286 jurejurando

343 2297 484 2343 duple-v,
530 2302 681 2342 tempore
716 2296 870 2343 jurisju-

972 651 1078 687 XIV.

986 821 1073 857 XV.

970 1048 1076 1083 XVI.

960 1218 1088 1253 XVII.

953 1389 1099 1424 XVIII.

968 1671 1077 1707 XIX.

979 1785 1068 1820 XX.

959 2067 1069 2102 XXI.

955 2238 1084 2273 XXII.

1111 539 1232 580 randi,
1249 545 1279 574 et
1290 545 1434 585 postea:
1459 542 1553 586 quod
1571 542 1641 578 dis-
1671 582 1673 584 v

1114 596 1217 630 tincte
1231 597 1439 642 emplicatur.

1121 652 1272 695 Quando
1283 665 1324 688 eoe
1332 655 1570 701 jurejurando
1579 656 1642 701 jus

1116 715 1304 754 quoeratur
1336 711 1469 745 homini
1498 718 1529 746 et
1552 712 1640 754 Deo,

1115 766 1258 810 quando
1278 766 1354 801 Deo
1372 773 1523 803 tantum.

1119 821 1315 866 Refellitur
1357 824 1527 858 sententia
1568 831 1641 859 sta-

1117 884 1215 912 tuens
1234 889 1325 920 eum,
1349 881 1411 924 qui
1424 881 1561 926 piratoe
1577 887 1641 916 aut

1116 940 1271 980 tyranno
1285 936 1438 981 juravit,
1461 937 1539 972 Deo
1569 949 1641 972 non

1116 992 1235 1026 teneri.

1119 1047 1190 1090 Qui
1223 1049 1361 1096 perfido
1393 1051 1546 1096 juravit,
1592 1063 1642 1086 an

1115 1105 1259 1150 implere
1279 1106 1406 1148 debeat,
1423 1108 1640 1143 distinetione

1113 1161 1322 1207 explicatur.

1118 1218 1209 1253 Cum
1230 1219 1308 1254 Deo
1332 1220 1398 1254 soli
1413 1221 1490 1266 quis
1506 1221 1639 1267 obliqa-

1113 1281 1168 1310 tus
1188 1276 1281 1323 fuit,
1307 1277 1462 1312 heredem
1491 1279 1562 1324 ejus
1590 1279 1642 1312 ad

1114 1332 1205 1367 nihil
1224 1334 1341 1368 teneri.

1112 1389 1311 1435 Perjurum
1348 1401 1421 1425 non
1459 1402 1534 1432 esse,
1578 1393 1639 1437 qui

1113 1457 1185 1480 non
1201 1446 1322 1493 implet
1341 1448 1472 1482 nolenti
1486 1449 1637 1494 impleri,

1112 1509 1176 1537 aut
1199 1503 1341 1538 sublata
1361 1505 1531 1549 qualitate
1554 1507 1637 1552 ejus,

1112 1559 1170 1593 eui
1189 1561 1250 1594 sub
1267 1561 1334 1595 illa
1349 1562 1519 1606 qualitate
1527 1563 1636 1609 jura-

1112 1622 1186 1650 tum
1206 1622 1265 1652 est.

1115 1673 1267 1715 Quando
1294 1675 1442 1709 irritum
1468 1675 1523 1717 sit,
1545 1677 1638 1722 quod

1110 1734 1235 1764 contra
1247 1731 1495 1777 juramentum
1506 1734 1565 1779 fit.

1115 1785 1351 1832 Superiorum
1405 1794 1504 1823 actus
1553 1790 1640 1835 quid

1103 1843 1216 1888 possit
1241 1844 1337 1878 circa
1356 1844 1405 1886 id,
1435 1846 1530 1890 quod
1556 1847 1637 1881 sub-

1109 1900 1204 1934 ditus
1224 1901 1416 1946 juraverit,
1448 1908 1513 1937 aut
1544 1905 1639 1948 quod

1107 1957 1245 1991 subdito
1270 1959 1439 2004 juratum
1467 1965 1525 2000 est,
1555 1971 1636 1994 cum

1109 2014 1388 2049 distinctionibus
1403 2016 1602 2060 exponitur.

1103 2070 1248 2104 Monita
1270 2071 1400 2105 Christi
1424 2073 1465 2106 de
1488 2083 1560 2106 non
1571 2073 1635 2119 ju-

1108 2127 1236 2167 rando,
1261 2128 1312 2161 ad
1330 2128 1433 2173 quale
1444 2129 1633 2174 juramen-

1109 2188 1184 2216 tum
1198 2184 1347 2229 proprie
1361 2185 1574 2229 pertineant.

1112 2239 1201 2281 Quoe
1226 2240 1318 2285 fides
1342 2240 1507 2286 injurata
1526 2243 1634 2287 jura-

1107 2296 1216 2330 menti
1232 2297 1303 2330 vim
1323 2308 1364 2331 eoe
1382 2309 1479 2333 more
1495 2299 1630 2334 habeat.

376 2383 496 2426 PUD
529 2396 670 2423 omnes
696 2380 869 2438 populos
891 2385 934 2422 et
968 2381 1021 2422 ab
1056 2379 1165 2422 omni
1190 2395 1276 2423 aevo
1301 2381 1409 2424 circa
1437 2383 1635 2439 pollicita-

399 2448 542 2496 tiones,
579 2447 780 2502 promissa
812 2451 854 2488 et
885 2450 1133 2495 contractus,
1170 2446 1350 2489 maxima
1379 2462 1541 2504 semper
1573 2449 1636 2491 vis

620 2512 684 2553 ¹N
686 2526 750 2553 am
774 2517 821 2553 ut
847 2511 1069 2567 Sophocles
1092 2510 1151 2554 ait
1175 2511 1480 2568 Hippodamia:

195 2615 203 2633 ¹
227 2615 346 2646 Confer
359 2615 639 2645 Pcrssxnonflcn
655 2617 810 2653 nostrum,
825 2614 876 2644 De
890 2615 971 2645 Jure
984 2615 1064 2646 Nat.
1079 2619 1107 2645 et
1124 2616 1212 2646 Gent.
1241 2616 1313 2646 Lib.
1326 2626 1372 2646 1v.
1397 2617 1474 2656 Cap.
1485 2619 1513 2648 2.
1542 2618 1579 2649 J.
1594 2619 1634 2651 B.

171 2891 374 2938 proposals‚
392 2892 583 2937 promises,
609 2891 682 2925 and
703 2895 900 2931 contram,
924 2890 990 2926 has
1011 2892 1145 2939 always
1173 2891 1270 2927 been
1295 2903 1384 2939 very
1409 2897 1526 2939 great.

620 2761 800 2796 Cum-rm
824 2761 934 2796 XIII.
989 2761 1046 2808 Of
1065 2760 1187 2797 oaths.

252 2836 283 2870 Ι.
336 2839 354 2869 1
389 2834 535 2880 Among
559 2835 607 2869 all
627 2835 790 2881 peoples,
815 2835 888 2869 and
910 2835 948 2869 in
965 2845 1076 2881 every
1092 2845 1171 2881 age,
1192 2834 1256 2870 the
1282 2834 1384 2870 force
1401 2834 1445 2870 of
1458 2835 1576 2872 Oaths
1597 2837 1637 2870 in

174 2948 378 2994 Sophocles
394 2948 433 2982 in
450 2948 514 2983 the
533 2948 805 2994 Hippodamia;
831 2948 973 2983 Cicero.

1586 2893 1637 2928 So

1379 3004 1498 3045 6—2

1651 2525 1734 2555 Apud
1746 2525 1820 2550 Stob.

1653 2557 1739 2579 serm.
1750 2557 1789 2583 27.
