2018 3204
108 144 376 193 GARXXIV]
429 148 602 183 JUSTIS
635 147 812 184 CAUSIS
845 148 1184 185 SUSCIPIENDO
1216 151 1391 186 BELLO.
1483 147 1567 189 427

108 271 200 299 cum
223 271 316 313 spes
338 262 412 306 est,
434 260 622 298 utem-ore
652 270 700 298 ac
726 255 848 306 fama,
874 257 984 299 nullo
1007 262 1079 299 aut
1102 256 1250 315 exiguo
1275 258 1454 316 periculo
1477 274 1567 301 rem

109 322 250 365 confici
272 337 415 379 posse:
450 322 569 377 quale
593 327 683 364 erat
704 321 849 364 Dionis
872 323 1081 365 eonsilium
1103 323 1157 365 ad
1180 324 1415 367 liberandas
1437 325 1567 383 Syra·
1583 336 1782 367 Diod-xv1·¹7·

109 403 239 430 cusas.
309 388 360 430 In
394 387 572 444 epistolis
604 387 724 429 Plinii
755 393 840 430 est:
874 391 986 444 quocl
1020 397 1080 431 est
1106 391 1448 446 pulcherrimum
1481 393 1782 435 vic-Lib-ii·E1‘·⁷·

111 456 232 496 toriae
252 469 397 510 yenus,
425 462 582 496 terrore
597 455 855 508 perdomuit.

210 520 263 561 X.
336 521 360 561 1
409 520 529 561 Saeva
568 533 635 560 res
674 519 825 560 bellum
859 523 933 568 est,
966 518 1098 575 inquit
1129 520 1387 573 Plutarchus,
1427 537 1565 565 cumu-
1582 532 1761 593 gigbfflmm-

109 584 275 640 lumque
308 599 444 626 secum
475 584 605 626 trahit
631 583 872 639 injuriarum
902 590 944 626 et
975 584 1212 628 insolentiae.
1277 587 1336 630 Et
1358 588 1566 645 sapienter
1700 582 1706 589 ’

110 650 390 707 Augustinus:
425 665 603 706 quorum
626 651 839 692 malorum
863 650 932 705 (de
961 650 1026 692 his
1056 651 1248 707 loquitur,
1273 667 1365 709 quae
1386 669 1438 696 ex
1459 654 1566 696 bello

110 717 348 771 nascuntur)
372 717 534 758 multas
566 721 605 758 et
639 716 896 772 multiplices
928 718 1083 769 clades,
1108 719 1234 760 cliras
1268 727 1307 761 et
1341 721 1478 763 duras
1500 735 1568 763 ne-

112 783 340 832 cessitates,
368 784 419 832 si,
445 790 493 824 ut
510 783 687 836 diynum
711 790 783 832 est,
806 783 945 838 eloqui
966 784 1106 832 velim,
1126 799 1388 841 quamquam
1411 801 1568 842 nequa-

112 863 253 903 quam,
277 850 389 890 sicut
412 863 479 890 res
501 849 711 903 postulat,
731 863 916 903 possum,
942 850 1039 904 quis
1061 851 1144 892 erit
1159 852 1347 906 prolixae
1370 853 1569 908 disputa-

112 915 242 955 tionis
281 914 468 956 modus?
497 915 570 956 secl
605 916 790 969 sapiens,
822 916 1037 970 inquiunt,
1066 916 1192 969 justa
1233 918 1344 959 bella
1371 926 1570 972 yesturus

111 988 172 1021 est
189 995 202 1021 :
237 981 365 1036 quasi
391 995 486 1028 non,
514 981 554 1022 si
583 995 625 1022 se
656 981 864 1022 hominem
889 982 1092 1030 meminit,
1120 983 1253 1024 multo
1283 985 1425 1038 mayis
1457 984 1570 1025 dole-

113 1046 176 1086 bit
211 1046 430 1099 justorum
479 1047 770 1087 necessitatem
809 1047 895 1088 sibi
939 1048 1148 1089 eoestitisse
1192 1049 1428 1090 bellorum.-
1463 1051 1571 1105 quia

111 1112 200 1153 nisi
219 1112 345 1165 justa
381 1119 525 1160 essent,
558 1113 597 1153 ei
625 1112 813 1166 yerencla
842 1127 927 1153 non
958 1120 1119 1155 essent:
1152 1128 1206 1156 ac
1229 1129 1313 1169 per
1347 1116 1424 1156 hoc
1451 1117 1570 1171 sapi-

112 1177 200 1218 enti
221 1178 345 1218 nulla
369 1178 479 1218 bella
499 1185 646 1218 essent.
697 1178 919 1232 [niquitas
939 1179 1052 1219 enim
1069 1181 1219 1233 partis
1242 1181 1433 1223 adversae
1445 1181 1572 1235 justa

113 1242 225 1283 bella
247 1243 406 1297 inyerit
432 1243 622 1297 yerenola
655 1244 855 1298 sapien-ti,
885 1244 970 1285 imo
994 1252 1033 1286 et
1062 1247 1306 1288 necessaria
1324 1262 1337 1288 .·
1372 1262 1466 1302 quce
1487 1248 1571 1288 ini-

111 1309 259 1363 quitas
298 1309 462 1350 homini
497 1310 668 1364 '‘utique
704 1309 902 1358 dolenda,
942 1311 1047 1363 quia
1083 1311 1302 1353 hominum
1342 1320 1414 1363 est,
1456 1321 1495 1355 et
1531 1314 1572 1355 si

111 1374 237 1415 nulla
260 1388 310 1416 ex
332 1388 377 1416 eo
403 1374 593 1416 bellandi
616 1375 843 1416 necessitas
871 1383 1092 1418 nascatur.
1147 1377 1258 1420 Hoec
1280 1379 1428 1434 itaque
1450 1379 1572 1421 mala

1586 656 1625 679 De
1638 655 1693 680 Civ.
1708 656 1768 685 Dei,

1584 686 1641 711 xix.
1651 688 1674 715 7.

111 1488 190 1518 bello
199 1489 357 1527 plurimas
366 1488 558 1526 inimicitias,
573 1488 712 1527 plurima
723 1492 810 1518 atro-

112 1539 164 1568 cia
182 1539 274 1575 oriri,
293 1539 392 1568 nostri
412 1539 510 1579 officii
530 1539 674 1567 duximus
693 1539 811 1568 cunctis

875 1490 1046 1528 profectum
1050 1494 1169 1529 ponunt
1180 1491 1212 1520 in
1223 1492 1390 1530 opulentia,
1401 1494 1432 1523 in
1443 1494 1575 1532 deliciis,

876 1537 909 1566 in
937 1537 1076 1574 imperiis
1103 1538 1301 1576 militaribus,
1329 1550 1390 1569 non
1416 1541 1449 1571 in
1475 1542 1576 1572 salute

112 1588 190 1617 Diis
204 1589 434 1626 hominibusque
448 1591 586 1617 testatum
595 1587 717 1625 facere,
734 1596 808 1616 cau-

112 1648 179 1667 sam
189 1639 298 1668 horum
308 1648 330 1667 a
343 1638 430 1667 nobis
440 1648 501 1667 non
515 1648 587 1667 esse.
621 1638 811 1667 Plutarchus

112 1688 232 1724 Numa,
256 1690 348 1726 (pag.
364 1689 402 1718 78
417 1688 471 1725 Β.)
493 1688 530 1717 τί
546 1689 610 1724 οὖν,
630 1687 732 1725 φήσει
749 1698 811 1723 τις,

113 1738 171 1766 οὐκ
192 1737 246 1767 ἐπὶ
261 1738 302 1766 τὸ
319 1737 455 1775 βέλτιον
473 1736 641 1775 προῆλθεν
661 1735 678 1772 ἠ
702 1735 809 1774 Ῥώμη

113 1789 186 1815 τοῖς
210 1786 392 1824 ’πολέμοιςς
423 1786 553 1823 ἐρωτῶν
574 1785 727 1823 ἐρώτημα
747 1797 809 1822 μα-

113 1836 192 1872 κρᾶς
202 1835 407 1873 ἀποκρίσεως
422 1835 586 1871 δεόμενον,
597 1834 680 1871 πρὸς
691 1834 811 1872 α’νθρώ-

113 1895 194 1913 πους
206 1884 391 1922 τόβέλτιον
405 1884 437 1913 ἐν
451 1883 602 1921 πλούτῳ,
617 1884 671 1912 καὶ
685 1885 810 1921 τροφῇ,

113 1934 167 1963 καὶ
189 1933 360 1972 ἡγεμονίᾳ,
390 1933 519 1970 μᾶλλον
542 1932 561 1967 ἢ
584 1933 733 1972 σωτηρίᾳ
755 1934 811 1962 καὶ

113 1983 286 2021 πρᾳότητι
302 1983 354 2012 καὶ
372 1984 417 2021 τῇ
429 1981 516 2021 μετὰ
536 1982 738 2017 δικαιοσύνης
753 1983 810 2011 αὺ-

113 2032 252 2071 ταρκείᾳ
274 2032 472 2071 τιθεμένους·
505 2031 555 2061 hic
580 2032 609 2061 si
636 2032 708 2070 quis
733 2032 810 2062 mihi

113 2082 241 2119 dixerit,
265 2091 362 2112 nonne
381 2082 483 2111 Roma
496 2091 557 2119 per
575 2081 656 2110 bella
674 2082 811 2119 profecit

108 2132 288 2170 plurimum,
323 2133 519 2170 quaestionem
551 2132 678 2160 moverit
712 2132 812 2169 lonqoe

870 1587 994 1624 populi,
1016 1587 1049 1616 in
1071 1587 1205 1625 lenitate,
1227 1589 1260 1618 in
1272 1590 1403 1626 justitia
1424 1601 1479 1621 suo
1502 1602 1573 1622 con-

875 1639 968 1666 tenta.
1035 1637 1214 1675 Stephanus
1257 1640 1396 1669 medicus
1440 1641 1574 1672 Chosroi

877 1686 1043 1715 Persarum
1063 1687 1132 1726 regi
1153 1688 1237 1726 apud
1256 1689 1445 1728 Procopium
1464 1691 1576 1722 Persi-

877 1745 981 1765 corum
997 1745 1034 1765 11.
1058 1737 1182 1772 οὐκοῦν,
1197 1736 1222 1766 ὦ
1240 1737 1402 1776 κράτιστε
1418 1742 1573 1779 βασιλεῦ,

877 1786 999 1824 φόνους
1021 1798 1074 1815 σοι
1094 1786 1147 1815 καὶ
1163 1787 1273 1826 μάχας
1292 1789 1500 1830 ἐργαζομένῳ
1522 1792 1573 1822 καὶ

876 1835 1010 1865 πόλεων
1030 1835 1321 1876 ἀνδραποδισμοὺς,
1342 1842 1409 1870 τῶν
1431 1843 1490 1879 μὲν
1510 1842 1573 1872 ἅλ-

877 1884 944 1914 λων
967 1884 1045 1914 ἴσως
1067 1886 1238 1924 ὀνομάτων
1257 1888 1428 1926 ’παρέσται
1447 1895 1576 1930 τυχεῖν.

877 1935 918 1964 τὸ
939 1935 970 1964 δὲ
998 1935 1114 1974 α”γαθῷ
1138 1937 1221 1966 εἶναι
1245 1939 1362 1977 δοκεῖν,
1384 1942 1420 1970 οὐ
1440 1941 1573 1979 μήποτε

877 1983 985 2013 ἔσται·
1010 1985 1078 2019 tibi,
1100 1995 1156 2014 rex*
1177 1988 1318 2024 maz-ime,
1341 1990 1373 2018 in
1394 1991 1527 2020 caedibus
1548 1994 1578 2021 et

871 2034 990 2072 puynis
1017 2037 1045 2063 et
1068 2035 1197 2064 urbibus
1223 2038 1399 2076 subiqendis
1427 2045 1576 2079 occupato

878 2083 1045 2120 aliaforte
1059 2084 1182 2113 nomina
1198 2087 1385 2125 continqant,
1406 2089 1501 2119 bonus
1518 2100 1576 2120 au-

878 2134 937 2160 tem
959 2135 992 2161 ul
1015 2141 1074 2170 per
1101 2134 1164 2163 Ιιαί·
1190 2135 1340 2172 credaris,
1358 2138 1439 2174 fieri
1462 2140 1576 2178 nequit.

113 2182 322 2220 responsionis
335 2185 477 2221 eqentem,
494 2181 583 2220 apud
595 2180 740 2216 homines,
757 2181 812 2219 qui
879 2181 976 2220 (Cap.
1013 2182 1079 2220 26.)
1133 2184 1227 2214 Adde
1267 2186 1373 2216 locum
1411 2190 1576 2228 egregium

114 2339 215 2386 plied
232 2343 270 2374 to
292 2351 365 2374 war
389 2340 427 2374 in
447 2343 619 2386 genera13
644 2343 726 2379 that
751 2344 814 2380 We
830 2347 935 2391 ouqht
954 2358 1055 2382 never
1076 2354 1109 2382 to
1126 2349 1221 2395 fiyht
1243 2358 1358 2397 except
1379 2353 1470 2389 there
1490 2366 1577 2391 were

115 2397 220 2432 either
240 2398 292 2431 the
306 2403 455 2442 yreatest
479 2401 639 2446 necessity
659 2413 702 2434 or
730 2402 783 2436 the
805 2409 953 2447 yreatest
982 2406 1150 2440 occasion.
1201 2406 1287 2442 And
1317 2409 1390 2444 this
1415 2410 1445 2445 is
1470 2422 1575 2457 espe-

115 2453 224 2498 cially
241 2458 336 2495 true,
353 2454 458 2489 when
476 2455 581 2491 there
601 2457 631 2491 is
651 2469 674 2492 a
694 2457 791 2504 hope
811 2459 893 2495 that
915 2460 979 2495 the
1009 2467 1146 2497 matter
1170 2475 1255 2510 may
1275 2465 1322 2500 be
1346 2466 1508 2513 brought
1536 2473 1576 2504 to

115 2521 164 2545 au
195 2510 291 2545 issue
325 2512 465 2558 merely
495 2512 544 2559 by
575 2520 696 2549 terror
722 2515 795 2549 and
821 2516 870 2562 by
896 2517 960 2552 tho
983 2520 1195 2564 reputation
1220 2521 1263 2555 of
1281 2523 1462 2569 strength,
1486 2526 1576 2560 with

116 2566 213 2601 little
234 2577 276 2601 or
295 2578 343 2601 no
365 2567 515 2613 danger.
577 2571 688 2617 Pliny
707 2583 801 2619 says,
817 2573 874 2608 He
892 2575 1022 2619 yained
1041 2577 1094 2611 the
1122 2584 1210 2613 most
1234 2579 1395 2615 brilliant
1424 2581 1514 2617 kind
1537 2584 1586 2629 of

115 2625 261 2669 victory,
282 2626 494 2671 conqueriny
515 2627 558 2671 by
578 2633 702 2662 terror.

192 2681 242 2715 X.
297 2685 314 2715 1
353 2681 451 2723 war,
473 2694 553 2728 says
575 2684 764 2726 Plutarch,
781 2686 810 2721 is
831 2697 853 2720 a
873 2687 952 2723 dire
972 2687 1149 2731 business,
1177 2692 1250 2726 and
1280 2692 1409 2739 brings
1435 2695 1522 2730 with
1547 2697 1578 2732 it

117 2749 164 2772 an
186 2738 456 2773 accumulation
475 2739 518 2774 of
536 2741 685 2785 injurios
706 2742 779 2776 and
800 2744 953 2789 cruelty.
1007 2746 1091 2780 And
1113 2747 1317 2793 Augustine
1337 2761 1419 2796 says
1443 2752 1579 2800 wisely,

117 2794 200 2829 that
220 2794 292 2829 this
312 2795 424 2840 being
444 2807 494 2837 so,
516 2796 580 2831 tho
603 2798 686 2832 wiso
717 2810 802 2832 man
828 2801 900 2834 will
932 2806 997 2836 not
1023 2802 1068 2836 be
1099 2805 1262 2839 satisfied
1290 2807 1429 2854 merely
1454 2809 1487 2843 if
1513 2809 1578 2846 the

117 2863 192 2885 war
212 2852 241 2886 is
257 2852 356 2896 just3
380 2851 428 2887 he
449 2853 520 2887 will
539 2855 663 2899 grieve
683 2855 765 2890 that
789 2856 894 2891 there
919 2857 1052 2893 should
1082 2859 1128 2894 be
1153 2872 1176 2895 a
1204 2864 1387 2910 necessity
1414 2865 1475 2900 for
1499 2867 1579 2912 just

118 2919 231 2950 wars3
261 2909 372 2951 since,
392 2915 523 2956 except
543 2911 632 2958 they
659 2923 752 2947 were
776 2913 864 2958 just,
884 2913 932 2949 he
960 2916 1078 2950 would
1100 2921 1166 2953 not
1192 2929 1240 2964 go
1260 2924 1298 2955 to
1323 2933 1420 2964 war3
1444 2923 1518 2958 and
1538 2924 1577 2960 in
