2018 3204
139 155 229 192 ch».
251 152 358 201 xx]
730 156 798 190 DE
830 155 1011 190 POENIS.
1519 149 1601 190 303

241 263 445 306 XXXVI.
506 264 530 304 1
582 263 704 313 Quod
727 269 866 306 autem
890 263 1077 313 diximus,
1111 262 1182 305 ubi
1207 276 1368 321 magnae
1387 268 1602 320 urgentes-

141 344 222 386 que
245 344 377 371 causae
397 334 568 381 cessant,
594 329 648 371 ad
673 329 933 371 minuendam
953 329 1086 385 potius
1110 343 1276 385 poenam
1300 334 1510 385 promptos
1529 342 1602 370 nos

141 410 229 437 esse
248 395 412 444 debere,
438 394 480 436 in
498 409 546 436 co
570 394 795 436 clementiae
815 409 910 450 pars
927 395 1061 437 altera
1080 395 1158 437 sita
1181 400 1253 437 est.
1290 396 1331 436 N
1333 409 1398 436 am
1420 394 1602 450 priorem

142 461 185 503 in
208 460 389 502 tollenda
412 474 536 516 poena
559 460 855 502 collocavimus.
902 462 1018 509 Quia
1036 462 1206 516 difficile
1225 469 1284 503 est
1304 469 1459 516 temper
1461 475 1603 502 amen-

144 535 250 575 tum,
274 525 408 581 inquit
432 525 600 576 Seneca,
625 527 839 581 quidquid
862 541 980 581 ecquo
997 527 1101 581 plus
1111 528 1322 581 faturum
1345 535 1405 569 est
1428 528 1475 568 in
1490 541 1602 582 par-

145 600 225 634 tem
243 592 538 633 humaniorem
548 592 807 645 222Uoe220mle2
809 599 859 632 et.
907 591 1042 632 Alibi:
1064 607 1238 646 pomam
1256 594 1296 635 si
1319 601 1407 634 tuto
1426 594 1599 647 poterit,

143 659 280 706 donet,
305 658 375 699 sin
398 658 556 705 minus,
583 664 742 710 tempe?
743 664 793 698 et
848 655 906 697 Et
930 656 1040 711 apud
1063 657 1290 699 Diodorum
1317 657 1495 699 Siculum
1515 658 1602 699 lau-

143 722 267 765 datur
289 736 365 763 rex
395 721 635 778 AEgyptlus,
660 721 770 776 quod
792 721 1024 777 Imponeret
1048 742 1249 783 τιμωριας
1279 720 1500 769 ἐλαττους
1525 743 1601 774 της

143 786 277 844 ἀξίας,
303 789 542 843 ¹supplt‘eia
565 788 732 830 777777ίί8
756 789 938 829 minora
1001 788 1067 829 De
1091 789 1149 830 Μ.
1175 788 1382 830 Antonino
1409 788 1603 843 Capitoli-

143 869 245 896 nus:
282 869 327 896 ei
329 862 377 895 at
400 868 488 896 ‘mos
511 855 591 895 iste
614 855 844 902 Antonino,
867 862 915 895 ut
938 855 1084 895 omnia
1108 855 1296 896 erimina
1319 855 1482 896 minore
1505 869 1603 909 sup-

137 921 288 976 plieio,
314 934 446 975 quam
471 920 635 974 leyibus
650 920 788 974 plecti
810 919 1000 968 solerent,
1018 921 1211 975 puniret.
1271 919 1399 961 Isaeus
1417 920 1603 975 ⁵quoque

144 991 285 1027 orator
330 985 447 1033 dixit,
486 990 677 1040 oportere
720 985 833 1041 leges
873 984 1038 1040 quidem
1081 984 1273 1027 constitui
1318 985 1487 1043 rigidas,
1529 985 1602 1027 sed

144 1047 317 1107 kpoenas
348 1050 459 1107 exigi
499 1050 658 1107 legibus
693 1050 887 1093 mitiores.
952 1050 1010 1093 Et
1048 1051 1240 1093 Isocratis
1274 1057 1337 1094 est
1376 1051 1602 1093 monitum.

145 1115 227 1163 τοὶς
265 1117 464 1175 τιμωρίας
501 1113 719 1163 ἐλάττους
757 1117 976 1160 ποιεῖσθαι
1018 1118 1109 1162 τῶν
1147 1114 1519 1178 ἁμαρτανομένων·
1556 1125 1604 1159 ut

138 1198 277 1239 poenae
300 1184 559 1238 infliyantur
582 1184 706 1237 infra
722 1184 897 1237 peccati
919 1185 1100 1226 modum.

240 1250 268 1290 2
316 1244 588 1305 ¹Augustinus
619 1247 808 1290 comitem
832 1249 1120 1291 Marcellinum
1148 1248 1205 1291 sic
1237 1249 1432 1292 admonet
1458 1248 1519 1291 sui
1545 1249 1604 1290 of-

145 1313 252 1357 ficii:
287 1316 398 1356 77777773
421 1315 666 1357 sollicitudo
688 1316 886 1356 maoeima
904 1316 1080 1358 incussa
1098 1323 1172 1365 est,
1209 1331 1260 1358 ne
1271 1318 1393 1371 forte
1415 1316 1606 1358 sublimi-

149 1389 219 1423 tas
244 1389 321 1423 tua
345 1388 510 1423 censeat
530 1395 597 1422 eos
622 1388 748 1422 tanta
768 1381 904 1435 Zequm
929 1383 1152 1424 severitate
1177 1397 1262 1424 esse
1278 1383 1534 1437 plectendos,
1559 1389 1608 1422 ut

147 1448 300 1500 qualia
310 1449 525 1502 fecerunt,
564 1447 674 1487 tatia
692 1448 943 1501 patiantur,
969 1448 1144 1501 ideoque
1175 1449 1240 1490 bis
1265 1448 1403 1490 literis
1426 1448 1609 1489 obtestor

150 1551 355 1580 Orationibus
370 1550 452 1586 Isaei,
474 1559 544 1588 quae
559 1550 642 1579 circa
663 1553 846 1580 controver-

147 1602 210 1630 sias
225 1601 331 1629 civiles
345 1609 454 1629 omnes
468 1603 644 1630 versantur.
676 1603 744 1630 Aut
755 1602 847 1631 valde

148 1651 251 1686 fallor,
273 1653 330 1679 aut
351 1649 447 1679 habet
468 1650 527 1678 hoc
552 1650 676 1679 Auctor
699 1653 808 1679 noster
830 1660 847 1679 e

150 1700 245 1729 Notis
257 1700 443 1729 Funmmci
455 1699 726 1733 Lmnnxnnoon.
739 1700 792 1737 qui
807 1700 847 1728 ad

149 1749 364 1785 Ammianum‚
379 1757 511 1778 xxvni.
527 1750 554 1778 1.
577 1749 670 1777 simul
685 1758 754 1777 cum
770 1749 848 1778 locis

151 1799 325 1837 Capitolini
361 1802 394 1828 et
422 1798 572 1827 Isocratis
601 1797 670 1826 heic
699 1798 847 1832 laudatis,

150 1852 311 1887 tamquam
324 1858 362 1877 ex
374 1849 454 1877 Isaeo
464 1848 552 1876 addit
562 1848 656 1876 verba
669 1848 848 1885 sequentia:

151 1898 223 1935 Χρή
235 1899 311 1927 τοὺς
326 1897 440 1934 νόμους
454 1898 513 1934 μὲν
522 1896 673 1926 τίθεσθαι
688 1897 849 1935 σφοδρῶς,

148 1948 341 1986 ’πραοτέρως
365 1948 398 1976 δὲ
426 1947 587 1985 κολάζειν,
614 1946 633 1981 ἢ
661 1946 702 1976 ὠς
731 1947 849 1977 ἐκεῖνοι

149 1997 331 2026 κελεύουσι.
365 1997 443 2025 Post
458 1996 592 2034 primam
607 1996 788 2025 Editionem
803 1997 850 2025 lo-

150 2056 220 2075 cum
232 2046 334 2084 reperi
349 2047 434 2085 apud
446 2047 630 2082 STOBAEUM‚
643 2046 741 2075 Serm.
754 2055 848 2075 xmv.

149 2106 205 2126 seu
219 2097 256 2126 cle
270 2097 388 2135 Reqno,
402 2106 479 2135 pag.
490 2097 558 2126 327.
600 2096 637 2125 J.
649 2096 692 2126 B.

210 2145 225 2166 k
246 2146 362 2175 Poenas
376 2146 460 2184 exiqz'
473 2145 590 2184 leyibus
604 2144 756 2183 mitiores]
780 2145 850 2174 Hoc

150 2195 210 2224 sibi
232 2195 359 2225 volebat
381 2195 538 2224 Henricus
560 2195 741 2232 Imperator
767 2203 850 2231 sym-

911 1551 985 1580 bolo
1002 1552 1077 1581 mali
1097 1552 1219 1589 Punici,
1241 1562 1311 1582 eum
1332 1552 1436 1582 dieto:
1460 1552 1610 1581 Subacre.

912 1600 983 1629 Rex
998 1600 1212 1630 Theodericus
1227 1602 1311 1641 apud
1328 1602 1549 1631 Cassiodorum
1561 1609 1611 1630 X1.

911 1652 962 1680 40.
1001 1650 1063 1688 Qui
1081 1652 1253 1689 periculose
1266 1651 1349 1688 justi
1362 1660 1476 1688 sumus,
1495 1651 1550 1680 sub
1564 1660 1612 1680 se-

912 1701 1044 1730 curitate
1058 1711 1176 1739 semper
1191 1702 1389 1740 iynoscimus.

972 1749 979 1771 ¹
1001 1751 1207 1789 Auqnstinus]
1242 1752 1387 1790 Epistola
1413 1760 1509 1782 CL1X.
1541 1761 1612 1790 quae

912 1800 1029 1828 citatur
1037 1809 1065 1829 c.
1075 1800 1352 1837 circumcelliones,
1364 1809 1386 1830 1.
1398 1810 1491 1830 causa
1501 1810 1611 1832 xxln.

913 1851 1024 1887 quaest.
1038 1859 1067 1878 v.
1109 1849 1201 1886 Vide,
1222 1850 1247 1878 si
1262 1850 1379 1888 placet,
1399 1851 1440 1880 ad
1455 1851 1614 1889 Augusti-

912 1906 988 1926 num
1011 1898 1146 1927 eundem
1170 1898 1336 1936 epistolam
1362 1900 1552 1936 Macedonii,
1582 1903 1614 1929 et

913 1956 982 1976 eam
998 1956 1061 1985 qua
1075 1948 1246 1986 respondet
1260 1948 1462 1987 Augustinus
1477 1950 1615 1979 numeris

913 2005 988 2025 Lm.
1002 1999 1035 2025 et
1049 2005 1118 2026 mv.
1159 1996 1253 2026 Adde
1275 1997 1314 2026 de
1330 1997 1509 2027 Theodosio
1526 1998 1615 2036 juni-

913 2055 967 2074 ore
983 2055 1053 2083 quae
1067 2048 1142 2075 sunt
1155 2046 1187 2074 in
1202 2047 1359 2084 excerptis
1374 2047 1530 2076 Johannis
1544 2047 1616 2076 An-

914 2094 1053 2123 tiocheni
1069 2104 1107 2124 ex
1122 2095 1338 2133 manuscripto
1353 2096 1512 2133 Peirescii‚
1525 2097 1613 2135 (pag.

913 2144 997 2176 850.)
1012 2144 1218 2173 Macedonius
1232 2145 1274 2173 ad
1288 2145 1504 2182 Augustinum
1517 2156 1523 2175 ε
1545 2147 1616 2185 offi-

915 2193 995 2222 cium
1010 2193 1183 2222 sacerdotis
1197 2197 1251 2229 est,
1269 2194 1452 2223 intervenire
1466 2204 1527 2232 pro
1542 2196 1614 2225 reis.

152 2348 183 2382 is
202 2350 300 2381 most
316 2345 533 2381 considered
552 2347 591 2380 in
607 2346 672 2381 the
692 2346 842 2392 general
863 2356 946 2381 case
956 2358 967 2388 3
990 2346 1060 2380 but
1080 2345 1144 2381 the
1160 2345 1257 2381 fault
1272 2346 1302 2381 is
1322 2351 1470 2392 greater
1486 2358 1529 2382 or
1542 2348 1615 2384 less

153 2405 191 2438 in
209 2403 413 2437 individual
434 2413 545 2437 cases.

226 2459 410 2495 XXXVI.
464 2463 481 2493 1
523 2459 635 2493 What
664 2470 719 2494 we
749 2459 843 2495 have
869 2459 960 2501 said,
990 2459 1072 2495 that
1103 2458 1209 2493 when
1237 2464 1344 2505 great
1375 2460 1449 2495 and
1480 2466 1617 2507 urgent

154 2528 281 2553 causes
303 2527 418 2557 cease,
434 2526 488 2550 we
507 2516 640 2550 should
654 2515 702 2551 be
721 2520 873 2562 prompt
892 2516 1019 2551 rather
1034 2520 1073 2551 to
1094 2516 1266 2551 diminish
1285 2517 1349 2552 tho
1365 2517 1616 2563 punishment,

155 2575 185 2609 is
210 2574 274 2608 the
295 2573 476 2607 direction
493 2572 531 2606 in
557 2572 675 2607 which
705 2573 770 2607 tho
799 2573 906 2608 other
931 2577 1015 2619 part
1036 2573 1079 2608 of
1101 2573 1290 2620 clemency
1316 2575 1346 2608 is
1374 2575 1523 2610 scated:
1550 2575 1616 2611 the

155 2631 295 2665 former
314 2634 399 2676 part
413 2630 612 2675 consisting
630 2630 667 2663 in
682 2630 810 2675 taking
826 2641 927 2675 away
943 2629 1007 2664 tho
1022 2630 1262 2675 punishment
1282 2631 1500 2676 altogether.
1565 2633 1615 2667 So

158 2688 300 2722 Seneca
327 2687 459 2732 speaks
487 2686 530 2720 of
554 2687 746 2731 temper-inq
764 2687 1004 2732 punishment
1023 2686 1129 2721 when
1149 2697 1203 2721 we
1224 2691 1359 2721 cannot
1378 2688 1545 2733 pardon3
1575 2700 1616 2724 so

155 2744 342 2779 Diodorus
380 2743 535 2783 Siculus,
567 2743 809 2788 Capitolinus,
840 2743 1050 2788 desei-ibing
1075 2743 1128 2777 M.
1164 2742 1384 2785 Antoninus,
1424 2745 1616 2788 Isocrates,

155 2801 270 2848 speak
298 2800 340 2835 of
358 2799 596 2846 punishment
613 2800 731 2834 below
751 2799 815 2835 the
835 2800 1086 2845 requirement
1107 2799 1150 2834 of
1166 2799 1230 2834 the
1249 2799 1347 2835 laws.

228 2862 250 2892 2
280 2858 485 2903 Augustino
517 2855 752 2892 admonishcs
778 2856 901 2892 Count
921 2856 1159 2892 Marcellinus
1191 2856 1234 2891 of
1265 2857 1322 2892 his
1354 2857 1457 2905 duty,
1483 2860 1617 2906 urging

155 2915 356 2961 clemency.

1620 540 1679 566 Lib.
1693 541 1709 565 i
1720 541 1752 566 (le
1763 541 1802 566 CI.

1619 572 1690 637 1b1’2d.
1701 619 1724 636 c.
1738 613 1777 636 20.

1621 669 1692 695 Bibt.
1705 669 1722 694 i.
1734 669 1772 697 70.

1621 865 1685 896 cap.
1697 864 1737 888 24.

1621 1067 1665 1091 Ad
1679 1066 1738 1091 Nic.
1752 1072 1780 1096 p.

1623 1098 1652 1122 19
1661 1104 1689 1122 n.
