2018 3204
241 173 330 210 CAP.
350 173 473 218 XV1.]
666 176 734 210 DE
765 176 821 211 ΙΝ
825 174 1262 212 TERPRETATIONE.
1615 173 1635 212 1
1645 172 1695 214 63

340 284 393 325 X.
459 282 588 325 Simul
622 284 845 326 notandum
877 289 951 334 cst,
987 299 1128 326 eorum
1159 298 1251 339 quae
1285 283 1579 340 promittuntur
1614 286 1695 328 alia
1712 301 1904 333 Aic.v.ne„‹p.

239 362 328 390 esse
351 348 625 399 9favorabilia,
650 349 730 390 alia
754 349 903 399 odiosa,
929 349 1008 391 alia
1030 349 1170 398 mixta,
1202 355 1274 391 aut
1297 349 1441 391 media.
1512 333 1749 393 Fav01·a-¹⁷'

239 414 336 455 bilia
368 419 462 456 sunt
483 428 574 469 quae
609 414 882 470 aequalitatem
917 415 959 456 in
983 430 1026 457 se
1048 415 1215 465 habent,
1250 421 1292 457 et
1316 429 1407 470 quac
1442 430 1693 459 communem

237 484 423 534 spectant
446 478 675 528 utilitatem,
709 494 800 535 quae
825 495 905 535 quo
931 481 1060 536 major
1089 487 1150 523 cst
1180 486 1303 536 atque
1333 481 1454 523 latius
1482 486 1608 537 patet,
1645 497 1693 524 eo

238 544 368 600 major
389 549 450 586 est
473 545 656 600 promissi
679 545 808 594 favor,
842 552 888 588 ut
912 561 1051 588 eorum
1076 561 1167 602 quae
1190 547 1243 588 ad
1266 561 1406 602 pacem
1430 547 1584 589 faciunt
1609 563 1693 590 ma-

230 608 300 665 jor
321 624 443 665 quam
467 610 519 651 ad
541 611 702 660 bellum,
729 616 771 652 et
795 611 890 653 belli
911 612 962 654 ob
985 611 1195 654 tuitionem
1219 612 1394 667 suscepti
1418 612 1546 668 major
1570 628 1691 668 quam

235 674 325 717 aliis
348 675 400 717 de
423 675 564 717 causis.
638 676 791 718 Odiosa
813 683 906 719 sunt
929 692 1021 732 quae
1042 683 1202 733 partem
1231 677 1402 719 alteram
1427 684 1597 728 tantum,
1619 685 1692 721 aut

235 740 326 796 plus
350 740 482 782 altera
516 748 699 792 onerant,
730 747 771 785 ct
802 757 893 798 quae
928 757 1087 799 poenam
1122 742 1164 784 in
1199 757 1242 784 se
1273 743 1492 792 continent,
1526 749 1568 785 et
1599 758 1691 799 quae

234 812 349 847 actus
387 806 541 849 faciunt
574 807 725 858 irritos,
760 814 802 850 et
836 823 928 864 quae
959 808 1010 849 dc
1042 807 1244 863 prioribus
1278 807 1430 863 aliquid
1461 808 1687 850 immutant.

237 871 358 921 Quod
387 871 421 913 si
457 872 628 915 mixtum
666 874 719 915 sit
758 873 923 929 aliquid,
961 878 1007 914 ut
1042 878 1203 914 mutans
1234 872 1396 927 quidem
1432 873 1583 928 priora,
1617 875 1690 916 sed

233 937 343 992 pacis
377 952 508 988 causa,
544 939 586 981 id
621 954 697 995 pro
732 938 1012 996 magnitudine
1054 938 1147 981 boni
1190 944 1262 980 aut
1297 938 1529 980 mutationis
1569 940 1688 981 modo

232 1003 467 1053 favorabile,
502 1005 623 1046 modo
664 1004 845 1046 odiosum
882 1003 1123 1055 censebitur,
1165 1004 1223 1047 ita
1265 1009 1403 1046 tamen
1438 1010 1495 1054 ut,
1542 1005 1688 1047 ceteris

232 1068 410 1124 paribus,
435 1069 553 1112 favor
577 1075 790 1112 censeatur
809 1069 954 1126 potior.

331 1135 409 1176 XI.
478 1134 707 1177 Discrimen
736 1142 899 1178 actuum
934 1136 1050 1177 bonae
1074 1135 1169 1177 fidei
1200 1140 1242 1177 ct
1272 1135 1402 1177 stricti
1422 1135 1541 1191 juris,
1568 1137 1685 1192 ¹qua-
1705 1151 1888 1177 mmmm·

230 1204 349 1242 tenus
372 1215 423 1242 ex
440 1200 535 1256 jure
559 1207 621 1243 est
643 1202 843 1252 Romano,
875 1202 927 1244 ad
946 1200 1013 1257 jus
1037 1202 1220 1258 gentium
1244 1216 1325 1243 non
1347 1201 1537 1257 pertinet.
1608 1203 1683 1244 Po-
1700 1189 1770 1243 ῗὲἶῖἷ
1790 1183 1824 1206 D’
1839 1184 1872 1207 ‘¹⁶

229 1270 311 1307 test
333 1272 470 1308 tamen
493 1267 628 1323 aliquo
659 1282 781 1310 sensu
804 1269 883 1310 hue
913 1267 1058 1323 aptari,
1093 1273 1139 1308 ut
1158 1267 1308 1308 scilicet
1330 1267 1364 1308 si
1386 1267 1531 1323 quibus
1557 1267 1597 1309 in
1621 1283 1685 1309 re-

227 1330 416 1388 gionibus
438 1338 553 1375 actus
576 1333 701 1390 aliqui
722 1334 895 1376 formam
920 1333 1123 1390 quandam
1146 1333 1326 1375 habeant
1349 1347 1612 1384 communem,
1637 1349 1686 1376 ca

227 1448 394 1478 manifesto
409 1450 551 1488 sequitur
565 1459 603 1480 ex
620 1453 733 1480 natura
750 1450 848 1489 ipsius
865 1450 920 1480 rei.
1047 1447 1059 1466 ⁰
1081 1448 1325 1477 Distinctionem
1340 1448 1425 1477 illam
1437 1458 1493 1477 nec
1509 1449 1583 1478 satis
1598 1452 1684 1479 certo

228 1497 265 1527 J.
279 1497 321 1527 B.
986 1499 1192 1527 fundamento
1208 1498 1276 1533 niti,
1298 1501 1330 1526 et
1345 1507 1455 1535 parum
1471 1499 1582 1527 utilem
1606 1509 1683 1535 esse,

287 1547 294 1567 ¹
310 1547 405 1577 Illors
423 1549 455 1577 in
469 1549 545 1585 jure
566 1550 653 1579 civili
672 1549 716 1578 ad
729 1550 919 1588 deportatio·
987 1548 1191 1582 ostendimus,
1212 1550 1285 1585 post
1303 1548 1389 1583 alios,
1411 1548 1442 1575 in
1458 1548 1550 1576 Notis
1568 1549 1683 1577 nostris

226 1607 292 1627 nem
310 1598 512 1637 producitur]
544 1600 625 1629 Vide
654 1599 921 1635 Guicciardinum,
985 1597 1025 1625 ad
1040 1597 1261 1625 Pcrnslmm'.
1281 1596 1333 1625 De
1348 1596 1432 1625 Jnrc
1448 1596 1531 1625 Nat.
1547 1601 1573 1626 ct
1592 1598 1682 1627 Gent.

225 1647 306 1676 libro
330 1657 404 1677 xm.
426 1649 479 1677 ubi
499 1649 538 1677 de
560 1649 660 1686 pactis
687 1648 793 1678 Caroli
815 1649 855 1677 V.
881 1649 920 1677 ad
987 1646 1004 1684 ἓ
1022 1648 1068 1675 12.
1090 1649 1121 1674 et
1135 1654 1222 1683 seqq.
1265 1645 1387 1682 Capitis
1402 1646 1473 1674 hnic
1487 1647 1681 1684 responden-

226 1696 494 1726 Medielanensem
517 1699 665 1727 ducatum
690 1698 920 1736 pertinentibus
985 1697 1036 1731 tis,
1059 1698 1090 1724 et
1105 1699 1197 1724 antea
1210 1695 1348 1724 indicati.
1390 1696 1426 1723 J.
1442 1696 1482 1725 B.

224 1755 337 1776 sermo.
394 1747 491 1785 (Pag.
527 1749 597 1777 341.
654 1747 718 1777 Ed.
757 1747 919 1778 Genevens.
1046 1745 1053 1763 ¹
1078 1745 1159 1774 Vide
1199 1745 1341 1773 eumdem
1390 1745 1682 1783 Pttrnxnonfimi,

224 1796 332 1833 1645.)
984 1795 1054 1825 Lib.
1067 1804 1095 1825 v.
1111 1804 1179 1833 cap.
1194 1797 1222 1824 2.
1239 1794 1256 1832 ξ
1272 1796 1301 1825 8.
1343 1795 1379 1824 J.
1394 1795 1434 1825 B.

222 1962 380 2008 popular
400 1972 534 2007 usage3
561 1972 600 1996 as
622 1961 746 2002 death,
763 1961 802 1995 in
821 1961 914 1995 Civil
934 1961 1035 2002 Law,
1049 1961 1217 1996 includes
1240 1961 1326 1996 civil
1343 1961 1466 2002 death,
1487 1965 1674 2008 transpor-

222 2019 341 2054 tation
358 2019 416 2054 for
435 2018 512 2059 life,
528 2017 670 2063 though
690 2018 720 2052 it
740 2018 829 2053 does
849 2022 916 2052 not
935 2029 1045 2052 mean
1062 2018 1134 2052 this
1155 2019 1192 2052 in
1213 2018 1371 2064 popular
1391 2019 1584 2065 language.

298 2076 348 2110 X.
400 2076 435 2110 It
460 2076 489 2110 is
515 2075 591 2110 also
613 2079 651 2109 to
677 2075 724 2109 be
745 2075 934 2116 observed,
960 2075 1041 2109 that
1063 2075 1106 2109 of
1130 2075 1193 2109 tho
1221 2075 1343 2120 things
1364 2075 1482 2109 which
1509 2087 1572 2110 are
1593 2087 1679 2121 pro-

222 2132 349 2174 mised,
373 2143 474 2167 some
499 2143 562 2167 are
586 2132 766 2177 promises
797 2131 840 2166 of
864 2131 1006 2172 favour,
1027 2131 1152 2166 others
1177 2131 1220 2166 of
1241 2132 1371 2171 odium,
1393 2131 1518 2165 others
1543 2133 1677 2174 mixed,

221 2189 346 2225 others
363 2189 538 2224 medium.
590 2189 712 2224 These
732 2199 795 2223 are
817 2189 860 2223 of
885 2188 1026 2229 favour,
1044 2188 1163 2222 which
1188 2199 1251 2222 are
1276 2187 1384 2232 cqual
1409 2191 1448 2222 to
1473 2187 1565 2222 both
1594 2200 1677 2234 par-

221 2247 302 2288 ties,
321 2247 395 2281 and
412 2246 543 2291 regard
560 2245 625 2281 the
646 2256 817 2281 common
834 2246 969 2291 utility.
1021 2245 1064 2279 In
1082 2245 1300 2290 proportion
1317 2255 1356 2278 as
1376 2243 1449 2278 this
1474 2245 1502 2279 is
1529 2250 1678 2290 greater

221 2303 294 2337 and
315 2314 418 2338 more
439 2303 637 2344 extensive,
658 2302 722 2338 the
746 2305 893 2348 greater
919 2303 949 2336 is
984 2301 1048 2336 the
1078 2303 1211 2336 favour
1234 2300 1409 2335 included
1433 2301 1470 2334 in
1501 2301 1565 2336 the
1590 2313 1675 2347 pro-

220 2360 335 2401 mise3
360 2371 400 2394 as
415 2364 572 2404 greater,
591 2359 688 2400 thus,
710 2360 747 2393 in
767 2359 892 2405 things
912 2359 1032 2393 which
1052 2359 1158 2393 make
1175 2359 1235 2393 for
1254 2368 1367 2403 peace
1389 2357 1478 2391 than
1496 2358 1556 2392 sor
1578 2370 1675 2401 wal-3

221 2416 295 2450 and
323 2421 470 2461 greater
496 2416 556 2451 for
576 2416 764 2451 defensive
791 2416 882 2451 than
901 2416 961 2451 for
982 2416 1089 2450 other
1119 2427 1202 2450 war.
1264 2414 1385 2449 Thosc
1413 2425 1476 2448 are
1497 2416 1675 2460 promises

221 2472 265 2507 of
280 2473 405 2507 odium
423 2472 541 2507 which
562 2473 623 2518 lay
643 2484 666 2507 a.
695 2473 858 2508 burthen
883 2484 931 2508 on
959 2484 1030 2508 one
1058 2477 1166 2519 party
1195 2472 1293 2517 only,
1319 2482 1361 2505 or
1388 2482 1437 2505 on
1467 2482 1538 2506 ono
1568 2483 1672 2507 more

220 2529 311 2563 than
343 2528 510 2571 another,
542 2529 615 2563 and
647 2529 766 2565 which
802 2531 943 2576 impose
982 2530 1173 2575 penalties,
1204 2529 1278 2563 and
1312 2528 1445 2573 nullify
1481 2533 1569 2567 acts,
1600 2529 1674 2563 and

220 2586 361 2631 change
395 2585 534 2621 former
562 2587 752 2631 promises.
802 2587 841 2621 If
865 2598 937 2632 any
967 2586 1073 2631 thing
1105 2587 1151 2620 bc
1183 2585 1317 2626 mixed,
1343 2596 1382 2619 as
1410 2585 1468 2619 for
1494 2585 1672 2625 instance,

219 2642 316 2677 what
333 2642 491 2688 changes
511 2643 650 2677 former
670 2647 913 2688 agreement&
929 2643 996 2677 but
1012 2643 1072 2677 for
1091 2642 1154 2677 the
1172 2643 1259 2677 sake
1277 2642 1319 2675 of
1331 2652 1456 2687 peace,
1474 2641 1555 2676 that
1575 2647 1674 2677 must

218 2699 266 2735 be
282 2699 368 2734 held
389 2699 605 2734 favourable
623 2710 665 2734 or
685 2699 814 2734 odious
831 2711 870 2734 as
887 2699 951 2734 the
977 2710 1047 2733 one
1072 2710 1115 2733 or
1143 2699 1207 2734 tho
1238 2698 1346 2734 other
1370 2709 1455 2744 may
1485 2699 1672 2744 predomi-

217 2762 316 2797 nate,
336 2757 484 2802 leaning
502 2763 538 2791 to
555 2757 782 2798 favourable,
803 2757 933 2791 ccetcris
951 2757 1110 2801 paribus.

293 2814 362 2848 XI.
410 2813 489 2848 The
507 2814 719 2847 distinction
734 2814 776 2847 of
792 2818 868 2847 acts
890 2814 987 2847 boma
999 2813 1087 2859 fidei
1103 2813 1174 2846 and
1192 2812 1419 2858 strictijuris,
1441 2822 1481 2846 so
1501 2812 1559 2846 far
1583 2823 1621 2847 as
1642 2813 1672 2847 it

215 2870 314 2905 flows
345 2870 442 2904 from
470 2870 534 2905 the
560 2871 706 2904 Roman
737 2871 834 2911 Laxv,
862 2869 948 2904 does
974 2874 1039 2904 not
1067 2869 1212 2915 pcrtain
1239 2873 1276 2903 to
1302 2869 1365 2904 the
1391 2869 1459 2903 Jus
1489 2870 1667 2905 Gentium.

215 2927 289 2962 Yet
320 2927 357 2961 in
391 2938 413 2962 a
445 2927 586 2962 certain
619 2938 724 2962 scnsc
754 2928 782 2961 it
807 2938 892 2972 may
918 2926 965 2961 be
990 2926 1152 2972 adaptcd
1179 2926 1290 2961 here:
1322 2937 1362 2961 so
1386 2925 1442 2960 far
1462 2937 1501 2960 as
1519 2927 1590 2960 this
1611 2927 1671 2961 for

1388 2993 1410 3032 1
1419 2993 1535 3032 1-2
