2018 3204
132 288 222 312 Dried.
238 289 263 312 ii.
278 296 288 310 s

135 320 194 344 Lib.
210 319 307 343 Christ.

135 551 175 574 De
186 551 254 581 offic.
267 549 282 573 i.
297 549 333 573 11.

135 688 174 712 De
184 687 262 711 clem.
275 686 301 710 ii.
310 686 333 714 7.

136 1214 204 1238 Luc.
216 1212 272 1238 xiv.
285 1213 324 1236 31.

352 94 435 133 418
608 98 809 135 MONITA
838 99 906 133 DE
938 98 1048 133 NON
1078 98 1285 133 TEMERE
1316 98 1476 133 ΕΙῚΛΜ
1507 99 1578 132 EX
1643 97 1740 141 [L113.
1759 99 1810 135 11.

352 209 616 266 suppeditant
645 208 687 249 in
721 209 849 255 Mose,
883 208 1005 248 Num.
1029 206 1084 249 xi.
1109 208 1164 248 12
1195 211 1237 248 et
1267 206 1442 256 Davide‚
1477 208 1502 248 2
1526 206 1636 248 Sam.
1663 206 1746 249 xvi.
1774 207 1813 252 7.

354 275 534 317 Maxime
555 288 652 316 vero
675 274 717 315 id
740 274 870 314 locum
895 273 1032 325 habet,
1058 272 1127 314 ubi
1149 278 1221 314 aut
1244 287 1317 314 nos
1335 287 1496 329 quoque
1519 272 1636 314 nobis
1658 273 1815 328 peccati

354 341 524 396 alicujus
554 353 692 381 sumus
724 338 885 388 conscii,
922 343 994 380 aut
1027 338 1070 380 id
1102 338 1212 394 quod
1246 338 1287 380 in
1318 353 1391 380 nos
1422 343 1632 394 peccatum
1666 343 1729 380 est
1761 339 1814 382 ab

353 408 533 449 humana
566 405 744 460 quadam
776 410 818 447 et
853 404 1073 446 excusabili
1107 404 1344 446 infirmitate
1376 404 1574 460 procedit,
1609 409 1682 446 aut
1715 405 1815 447 satis

353 477 527 528 apparet
551 471 749 526 poenitere
773 485 879 521 eum,
905 470 974 526 qui
998 470 1146 512 nocuit.
1180 472 1266 513 Est
1289 472 1523 513 ulciscendi
1545 478 1584 513 et
1598 472 1816 525 puniendi

353 539 515 585 modus,
548 536 681 591 inquit
706 537 864 586 Cicero,
895 545 933 579 et
965 538 1085 578 haud
1116 538 1215 586 seio,
1249 552 1309 578 cm
1335 538 1446 579 satis
1469 538 1539 586 sit,
1570 531 1707 585 heum„
1739 538 1816 592 qui

354 605 602 652 lacessierit,
638 605 813 657 injuriae
845 619 932 645 suce
956 605 1173 658 poenitere.
1246 605 1441 659 Sapiens,
1478 602 1611 658 inquit
1643 602 1812 652 Seneca,

353 671 491 711 multa
525 671 736 718 remittit;
770 671 922 711 multos
951 684 1117 724 parum
1147 671 1259 718 semi,
1295 671 1368 712 sed
1399 670 1614 711 sanabilis
1652 669 1817 723 inqem'i

352 737 554 778 servabit.
624 735 683 777 Et
716 736 782 777 hae
806 735 970 791 quidem
1001 750 1134 776 causae
1163 749 1189 776 a
1219 735 1325 776 bello
1356 734 1587 776 abstinendi
1615 747 1666 774 ex
1695 733 1817 776 dilec-

353 802 463 844 tione
498 807 734 852 nascuntur,
763 815 885 857 quam
920 800 1017 857 ipsis
1050 800 1221 842 inimicis
1255 806 1328 843 aut
1359 801 1567 851 debemus,
1603 804 1677 841 aut
1703 805 1817 843 recte

353 868 634 925 impendimus.

455 935 530 978 IV.
591 936 615 975 1
665 934 786 990 Saepe
825 948 924 976 vero
963 928 1098 976 inobis
1135 932 1232 989 ipsis
1267 931 1500 988 nostrisque
1536 931 1817 989 praestandum

354 1000 564 1049 habemus,
587 1014 639 1041 ne
662 1001 715 1042 ad
735 1015 850 1042 arma
874 999 1077 1042 veniatur.
1131 999 1377 1042 Plutarchus
1400 998 1443 1040 in
1465 999 1613 1042 Numae
1637 999 1724 1042 vita
1745 998 1817 1049 ait,

354 1072 570 1122 postquam
605 1066 717 1122 juste
767 1080 885 1122 posse
929 1065 1077 1122 suscipi
1122 1065 1274 1108 bellum
1319 1065 1597 1108 decrevissent
1639 1064 1816 1114 feciales,

353 1128 654 1174 kconsultatum
678 1147 703 1174 a
727 1138 871 1174 senatu
895 1146 949 1173 an
973 1147 1023 1173 ex
1045 1147 1121 1173 usu
1144 1137 1252 1174 esset
1275 1131 1492 1188 suscipere.
1547 1132 1599 1173 In
1621 1130 1820 1188 parabola

355 1199 531 1254 quadam
565 1198 720 1240 Christi
746 1198 909 1250 dicitur,
944 1197 1069 1254 siquis
1092 1212 1167 1239 rex
1191 1213 1281 1239 cum
1313 1212 1414 1255 rege
1437 1197 1568 1240 altero
1599 1198 1706 1240 bello
1731 1211 1818 1239 cer-

354 1264 524 1306 tandum
558 1263 726 1313 habeat,
752 1264 884 1319 primo
914 1264 1138 1313 sedentem,
1163 1264 1233 1319 qui
1261 1278 1347 1305 mos
1378 1269 1440 1305 est
1470 1278 1562 1306 eum
1593 1278 1692 1306 cura
1725 1277 1820 1305 con-

354 1329 608 1378 sultantium,
642 1344 918 1385 expensurum
954 1330 1065 1385 apud
1099 1344 1154 1378 se,
1191 1345 1245 1371 an
1278 1330 1378 1385 ipse,
1415 1329 1486 1384 qui
1516 1329 1657 1372 decem
1691 1328 1818 1371 millia

355 1395 529 1438 militum
568 1395 734 1446 habeat,
780 1395 888 1437 hosti
923 1394 1088 1437 ducenti
1128 1395 1188 1437 bis
1226 1395 1396 1438 totidem
1431 1409 1507 1452 par
1543 1410 1632 1438 esse
1665 1395 1819 1452 possit;

416 1516 431 1538 h
451 1517 537 1546 Eum
563 1517 619 1556 qui
645 1517 818 1546 lacessierit
844 1515 970 1553 injuria>
995 1525 1059 1544 suoe

350 1566 517 1605 poenz'tere]
548 1567 722 1605 Procopius
752 1566 994 1596 Vanclalicorum
1018 1574 1056 1595 11.

358 1617 459 1655 (Cap.
483 1617 549 1654 16.)
583 1616 771 1655 μετάμελος
794 1616 860 1654 γάρ
888 1615 922 1644 ἐν
950 1615 1058 1644 δέοντι

1123 1518 1174 1545 tos
1189 1515 1360 1546 Belisarioz
1382 1515 1465 1545 ὅταν
1477 1516 1510 1545 δὲ
1525 1515 1612 1546 αὐτά
1626 1518 1729 1547 οὕτως
1750 1517 1824 1557 ἔχῃ,

1123 1566 1200 1594 τοὺς
1215 1565 1379 1602 ἑκατέρων
1391 1565 1587 1604 ἡγουμένους
1601 1566 1763 1605 προσήκει
1777 1566 1824 1605 μή

1124 1614 1219 1653 δόξης
1234 1616 1294 1648 τῆς
1315 1616 1436 1645 οἰκείας
1460 1615 1522 1651 τήν
1540 1617 1608 1645 τῶν
1629 1615 1823 1655 α’ρχομένων

357 1667 558 1696 ἐπταικόσιν
579 1665 848 1704 ἐπιγιγνόμενος,
864 1664 1057 1703 συγγνώμο-

356 1728 412 1745 νας
451 1717 563 1745 αὐτοῖς
597 1717 674 1745 τοὺς
704 1714 911 1751 ἠδικημένους
947 1717 1057 1743 ’ποιεῖν

357 1765 483 1795 εἴωθεν·
504 1766 685 1804 poenitentia
706 1766 738 1794 in
769 1768 902 1802 tempore
916 1765 1058 1793 oboriens

356 1815 396 1843 iis
425 1816 480 1853 qui
498 1818 669 1853 peccarunt
697 1815 742 1843 ad
770 1815 890 1843 veniam
920 1814 1058 1843 dandam

351 1874 527 1903 provocare
542 1865 632 1893 loesos
645 1865 732 1893 solet.

417 1914 424 1934 i
445 1914 546 1944 Nobis
566 1915 644 1952 ipsis
665 1913 853 1952 nostrisque]
883 1914 1057 1952 Procopius

361 1965 577 1995 Gottlzicorum
603 1974 630 1994 11
660 1964 800 1994 Gotthos
828 1964 872 1993 ita
895 1964 940 1994 ait
968 1964 1056 1993 loeu-

1125 1665 1292 1704 σωτηρίαν
1301 1665 1587 1704 προΐεσθαι,άλλὰ
1599 1666 1642 1696 τά
1657 1678 1697 1696 τε
1712 1667 1822 1696 δίκαια

1123 1715 1168 1744 τά
1188 1727 1228 1744 τε
1249 1716 1416 1753 ξύμφορα,
1439 1716 1474 1744 οὐ
1495 1716 1616 1755 σφίσιν
1637 1717 1750 1746 αὐτοῖς
1763 1717 1823 1755 μό-

1124 1776 1188 1801 νον,
1202 1765 1294 1794 ιίλλιὶ
1305 1766 1359 1794 καὶ
1374 1769 1446 1795 τοῖς
1461 1767 1558 1804 σφῶν
1573 1766 1735 1796 ἐναντίοις
1749 1766 1822 1796 ἑλέ-

1124 1814 1216 1843 σθαι·
1236 1815 1300 1843 haee
1320 1823 1387 1844 eum
1408 1815 1455 1844 ita
1475 1825 1506 1844 se
1526 1815 1669 1852 habeant,
1688 1816 1824 1856 officium

1123 1864 1183 1893 erit
1203 1864 1362 1902 utriusque
1381 1865 1480 1902 ,clentis
1502 1868 1663 1901 rectorum,
1682 1865 1823 1895 subdito-

1122 1923 1191 1942 rum
1204 1913 1266 1942 sibi
1285 1913 1416 1943 salutem
1436 1924 1496 1943 non
1511 1914 1667 1952 projicere
1681 1915 1823 1953 propn’ae

1122 1962 1229 1993 laudis
1250 1962 1364 2000 studio,
1387 1963 1443 1992 sed
1463 1972 1500 1992 ea
1516 1964 1679 2002 praeferre,
1700 1974 1770 2003 qzcoe
1795 1967 1824 1995 et

359 2133 467 2168 holds
485 2133 683 2179 especially
702 2131 810 2167 when
829 2142 884 2166 we
901 2142 965 2166 are
986 2131 1172 2166 ourselves
1198 2130 1389 2166 conseious
1414 2129 1457 2165 of
1478 2141 1581 2165 some
1600 2141 1749 2176 wrong3
1780 2140 1823 2165 or

359 2191 466 2226 when
488 2190 552 2225 the
577 2201 703 2235 wrong
725 2190 822 2224 done
844 2200 886 2224 us
908 2189 1086 2235 proceeds
1110 2188 1209 2223 from
1237 2199 1339 2223 some
1366 2187 1506 2222 human
1533 2187 1608 2222 and
1628 2187 1823 2223 excusable

360 2249 559 2293 infirmity3
589 2259 632 2282 or
652 2247 759 2282 when
779 2247 808 2281 it
834 2246 863 2281 is
891 2246 1040 2281 evident
1064 2246 1147 2281 that
1173 2245 1221 2280 he
1241 2245 1322 2280 who
1349 2244 1416 2279 has
1437 2245 1534 2279 done
1560 2244 1625 2279 the
1645 2256 1772 2290 wrong
1793 2245 1823 2280 is

360 2306 542 2351 penitent.
594 2305 643 2339 So
667 2305 807 2345 Cicero,
828 2303 901 2337 and
920 2304 1073 2340 Seneca.
1122 2302 1207 2337 And
1224 2314 1264 2337 so
1294 2302 1362 2343 far,
1387 2302 1431 2336 of
1455 2301 1520 2336 the
1543 2313 1670 2336 causes
1695 2301 1738 2336 of
1758 2301 1825 2336 ab·

361 2362 522 2407 staining
538 2361 636 2396 from
653 2373 736 2401 war,
755 2360 874 2395 which
891 2361 985 2395 arise
1001 2360 1099 2394 from
1116 2359 1180 2394 the
1199 2359 1375 2394 kindness
1395 2358 1514 2393 which
1535 2370 1589 2394 we
1606 2358 1727 2394 either
1746 2369 1825 2394 owe

363 2423 401 2453 to
424 2419 597 2459 enemies,
615 2429 657 2453 or
676 2418 814 2464 rightly
831 2418 971 2452 bestow
991 2428 1093 2463 upon
1113 2416 1227 2451 them.

438 2476 503 2510 IV.
558 2479 575 2509 1
610 2475 724 2510 Often
745 2475 822 2509 also
847 2475 876 2508 it
898 2474 927 2508 is
958 2485 980 2508 a
1011 2474 1103 2520 duty
1127 2473 1247 2508 which
1276 2484 1329 2508 we
1350 2483 1428 2508 owe
1458 2476 1498 2508 to
1528 2472 1727 2514 ourselves,
1749 2472 1825 2508 and

363 2533 470 2568 those
491 2532 572 2567 who
596 2532 743 2578 depend
769 2543 870 2577 upon
898 2542 952 2573 us,
978 2535 1044 2565 net
1065 2535 1103 2565 to
1125 2542 1232 2565 recur
1252 2534 1290 2565 to
1320 2541 1429 2565 arms.
1480 2529 1671 2570 Plutarch,
1697 2530 1737 2564 in
1758 2529 1825 2565 the

363 2591 428 2625 life
446 2590 488 2624 of
500 2590 636 2631 Numa,
653 2601 734 2635 says
755 2588 838 2623 that
859 2588 966 2623 when
983 2588 1047 2622 the
1064 2588 1229 2623 Feciales
1247 2587 1320 2622 had
1336 2587 1493 2622 decided
1512 2586 1595 2622 that
1610 2598 1686 2621 war
1706 2587 1826 2632 might

364 2647 411 2682 be
432 2647 666 2681 undertaken
681 2646 808 2692 justly‚
827 2645 875 2680 he
900 2645 1093 2680 consulted
1114 2644 1178 2680 the
1197 2645 1334 2680 Senate
1355 2644 1521 2679 whether
1541 2645 1571 2678 it
1591 2655 1663 2678 was
1686 2644 1824 2678 advan-

366 2708 518 2749 tageous
535 2708 574 2738 to
594 2709 699 2738 enter
715 2714 817 2749 upon
838 2703 878 2737 it.
931 2703 976 2737 In
997 2713 1067 2737 one
1084 2702 1126 2737 of
1138 2702 1289 2736 Christ's
1302 2702 1484 2747 parables,
1496 2712 1550 2736 we
1567 2712 1630 2736 are
1646 2701 1727 2735 told
1743 2700 1826 2735 that

366 2760 472 2794 when
492 2772 514 2794 a
534 2761 634 2806 king,
654 2761 766 2806 going
790 2764 829 2795 to
850 2760 959 2794 make
979 2771 1064 2801 war,
1085 2759 1180 2794 finds
1202 2758 1284 2794 that
1303 2758 1360 2793 his
1380 2758 1500 2793 forces
1524 2769 1588 2793 are
1610 2757 1765 2792 inferior
1784 2761 1824 2792 to

366 2816 471 2851 those
493 2817 534 2851 of
546 2818 602 2852 his
624 2829 768 2863 enemy,
784 2817 833 2852 he
851 2817 988 2852 desires
1011 2817 1218 2851 conditions
1240 2815 1282 2851 of
1299 2826 1425 2862 peace.
1452 2815 1558 2849 Luke
1579 2815 1650 2851 xiv.
1674 2818 1731 2850 31.

443 2877 464 2907 2
497 2873 546 2909 So
578 2874 642 2910 the
670 2875 886 2916 Tusculans,
915 2874 1071 2920 bearing
1100 2873 1319 2920 cverything
1351 2872 1426 2908 and
1457 2872 1623 2917 refusing
1657 2870 1824 2914 nothing,
