2018 3204
99 609 163 640 Cap.
177 608 253 632 xviii.

98 677 157 701 Lib.
172 676 189 700 i.
202 677 241 700 86.

98 875 156 900 Lu).
171 875 258 902 iii.67.
304 865 429 919 facti
459 871 570 906 sunt.

100 1200 176 1224 Rom.
189 1199 234 1223 vii.
250 1200 285 1224 13.

100 1332 140 1355 Dc
155 1332 214 1356 Ver.
227 1332 282 1357 Rel.

97 1369 120 1385 c.
135 1363 159 1387 6.

313 86 397 128 296
905 93 973 128 DE
1004 91 1185 126 POENIS.
1610 90 1707 134 [Lm.
1726 92 1775 128 ΙΙ.

312 204 460 262 saepius
493 203 689 260 deliquit:
722 203 817 259 quia
852 202 1016 244 habitus
1047 201 1144 244 mali
1178 200 1335 244 actibus
1363 205 1459 244 sunt
1481 201 1652 259 pejores.
1721 204 1780 246 Et

312 272 407 313 hinc
441 271 614 327 intelligi
650 275 786 325 potest
822 275 1024 324 quatenus
1061 274 1210 310 natura
1245 282 1408 323 aequum
1443 268 1497 309 sit
1532 269 1641 324 quod
1668 269 1779 325 apud

313 338 461 379 Persas
485 337 621 383 fiebat,
648 333 717 376 tut
742 335 827 376 vita
851 335 1033 376 anterior
1056 334 1175 376 simul
1195 349 1285 375 cum
1308 333 1454 375 delicto
1478 333 1520 374 in
1545 335 1780 377 aestimatio-

312 418 406 444 nem
441 402 614 444 veniret.
688 401 736 441 ld
777 400 883 442 enim
925 401 1058 442 locum
1096 401 1251 441 habere
1291 399 1415 442 dcbet
1451 399 1493 440 in
1533 400 1596 441 his
1631 401 1780 456 quibus

313 467 463 523 alioqui
503 481 584 507 non
617 466 732 508 malis
767 466 899 508 subito
934 466 1070 521 aliqua
1104 464 1298 521 peccandi
1330 465 1501 507 dulcedo
1542 466 1776 522 subrepsit:

312 549 395 574 non
419 533 460 574 in
492 532 554 574 his
585 532 654 587 qui
692 537 822 573 totum
855 532 952 573 vitae
983 546 1113 588 genus
1142 531 1423 581 immutarunt,
1449 531 1490 572 in
1523 531 1670 587 quibus
1692 532 1780 588 ipse

313 601 428 641 Deus
452 598 563 654 apud
588 598 843 640 Ezechielem
868 598 1018 639 nullam
1043 612 1086 639 se
1107 597 1262 639 habere
1285 597 1344 639 ait
1367 597 1515 653 prioris
1539 597 1633 640 vitae
1656 597 1781 640 ratio·

315 680 421 714 nem,
459 664 687 720 quibusque
724 664 827 706 adeo
868 663 1181 720 Thucydideum
1216 663 1317 705 illud
1352 664 1487 719 aptari
1527 669 1687 719 potest:
1723 660 1781 707 δι-

318 732 509 775 πλασίας
546 727 691 790 ζημίας
722 726 835 787 ἄξιοί
867 731 984 780 εἶσιν,
1020 728 1093 773 ὅτι
1141 726 1235 773 ἀντ’
1271 727 1451 787 ἀγαθῶν
1485 729 1601 773 κακοὶ
1636 727 1778 788 767⁶}-

319 811 486 850 νηνται·
523 797 755 851 dupliciter
777 811 931 852 poenas
962 804 1187 844 merentur,
1219 810 1263 838 eo
1295 797 1408 850 quod
1435 810 1487 838 etv
1518 797 1636 838 bonis
1671 797 1782 838 mali

644 863 765 913 Quod
797 868 839 904 et
870 862 966 903 alibi
1003 862 1132 904 dixit:
1169 859 1240 904 ὅτι
1277 859 1350 904 οὐκ
1386 859 1431 904 ἐκ
1469 858 1783 921 προσηκόντων

316 926 610 989 ἁμαρτάνουσι
628 942 636 952 ·
673 931 779 984 quia
802 930 917 984 ipsos
933 943 1115 984 peccare
1139 929 1313 969 minime
1336 928 1520 970 decebat.

416 998 444 1036 4
492 997 638 1050 Itaque
678 995 830 1050 optime
868 994 1093 1036 Christiani
1131 1000 1293 1036 veteres
1333 993 1374 1035 in
1416 993 1545 1049 poenis
1583 1007 1782 1035 canonum

316 1061 566 1104 {estimandis
589 1064 697 1101 unon
732 1061 885 1102 nudum
921 1060 1113 1102 delictum
1137 1059 1355 1102 voluerunt
1389 1059 1526 1116 aspici,
1556 1061 1629 1102 sed
1664 1059 1785 1102 simul

315 1128 414 1168 vitae
452 1127 561 1183 quod
599 1126 807 1182 praecessit
842 1132 885 1168 et
922 1127 1031 1181 quod
1069 1125 1278 1180 sequitur3
1313 1132 1359 1167 ut
1391 1140 1442 1166 ex
1479 1126 1705 1182 Ancyrana
1741 1132 1784 1168 et

315 1193 405 1234 aliis
442 1192 622 1249 Synodis
658 1192 799 1233 videre
833 1198 904 1233 est.
977 1191 1059 1233 Sed
1095 1198 1136 1232 et
1164 1191 1231 1232 lex
1262 1191 1394 1246 posita
1417 1191 1615 1233 adversus
1639 1191 1783 1233 vitium

316 1258 533 1314 specialem
558 1258 762 1312 quandam
787 1257 982 1298 malitiam
1003 1256 1135 1298 veteri
1157 1257 1423 1311 superaddit:
1449 1257 1558 1312 quod
1581 1256 1640 1298 ita
1664 1257 1784 1299 docet

317 1323 597 1380 Augustinus:
635 1325 729 1365 “‘Zex
745 1324 984 1378 prohibens
1008 1324 1155 1364 omnia
1184 1323 1346 1364 delicta
1370 1324 1664 1378 conqeminat:
1699 1338 1784 1365 ozon

315 1442 437 1472 mentis.-
461 1450 521 1480 quo
535 1440 614 1469 enim
629 1439 730 1478 plura
743 1441 814 1467 sunt
831 1438 863 1466 in
879 1447 948 1476 quoe
966 1438 1015 1466 in-

315 1493 447 1522 cidimus
474 1491 599 1525 delicta,
636 1490 694 1517 hoc
721 1488 867 1524 majorem
893 1497 1018 1525 poenam

585 1539 705 1579 [onn.
726 1538 794 1567 Sic.
815 1546 831 1566 e
854 1537 923 1566 Lib.
939 1546 1016 1566 xm.

1085 1439 1223 1467 moribus
1245 1438 1319 1475 ejus,
1348 1440 1400 1477 qui
1423 1439 1578 1477 arquitur,
1605 1442 1649 1468 est
1663 1439 1784 1477 ponde-

1084 1489 1229 1518 randum.
1270 1489 1442 1527 (Cap.25.)

1145 1543 1158 1558 ¹¹
1179 1538 1253 1567 Non
1267 1539 1381 1567 nudum
1395 1539 1539 1568 delictum
1554 1539 1715 1570 voluerunt
1731 1550 1784 1569 as-

1079 1588 1162 1626 pici]
1186 1588 1298 1618 Canon
1315 1590 1501 1627 Ancyranus
1516 1598 1599 1618 xxv.
1632 1590 1786 1628 Chrysos-

315 1550 541 1571 emnmeremur.

315 1590 427 1627 Eelog.
445 1589 508 1626 15.]

376 1642 385 1661 t
411 1640 453 1669 Ut
467 1641 532 1669 vira
551 1640 691 1668 anterior
705 1638 886 1676 simulcum
905 1637 1017 1666 delicto

315 1691 346 1719 in
362 1691 590 1720 a‘stz'mcztz'onem
604 1689 734 1728 veniret]
753 1689 883 1718 Asinius
900 1687 1016 1716 Pollio:

317 1741 416 1778 [apud
445 1742 556 1771 Senec.
586 1741 712 1769 Suasor.
736 1748 782 1768 vi.
811 1738 919 1776 paullo
942 1740 1017 1766 ante

316 1799 423 1818 versus
449 1790 544 1819 Corn.
569 1789 705 1826 Severi.]
729 1798 792 1827 qua
815 1789 917 1825 major
934 1796 1017 1825 pars

315 1840 388 1868 visse
405 1843 497 1876 atque
512 1839 628 1876 inqenii
641 1839 732 1873 stetit,
755 1847 793 1865 ea
806 1837 1016 1873 judicandum

317 1888 354 1916 [le
369 1888 488 1916 homine
502 1891 554 1916 est.
598 1887 710 1915 Cicero
726 1895 789 1923 pro
806 1886 874 1915 Sul.
912 1886 1017 1913 Omni-

316 1938 371 1965 bns
386 1937 415 1965 in
432 1937 531 1972 rebus,
543 1936 678 1972 judices,
693 1945 758 1973 quan
773 1934 935 1972 gyrat-iores
948 1943 1015 1962 ma-

306 1986 455 2024 joresque
468 1989 547 2021 sunt,
569 1985 646 2023 quid
659 1985 728 2022 quis
741 1983 882 2019 voluerit,
896 1983 1016 2021 coyz'ta-

316 2037 370 2072 rit,
396 2036 568 2073 admiserit,
593 2044 653 2063 non
675 2044 712 2063 ex·
734 2033 870 2069 crimine,
897 2032 952 2061 sed
978 2041 1016 2060 ea:

1084 1642 1190 1667 tomus
1205 1638 1244 1666 ad
1260 1647 1298 1668 11.
1314 1639 1354 1667 ad
1371 1639 1562 1675 Corinthios,
1577 1648 1645 1677 cap.
1661 1639 1693 1668 ii.
1711 1639 1785 1669 ὅθεν

1084 1687 1302 1726 μανθάνομεν,
1325 1688 1380 1717 ὅτι
1395 1690 1430 1717 οὺ
1446 1689 1495 1718 δεῖ
1508 1689 1607 1726 μόνον
1621 1690 1705 1726 πρὸς
1721 1689 1784 1725 τήν

1085 1738 1188 1775 φύσιν
1218 1740 1286 1766 τῶν
1320 1737 1581 1777 ἁμαρτημάτων,
1608 1738 1699 1768 ἀλλά
1729 1739 1785 1769 καὶ

1084 1788 1168 1825 πρὸς
1197 1787 1258 1822 τήν
1285 1786 1429 1816 διάνοιαν
1456 1787 1510 1816 καὶ
1537 1787 1599 1823 τήν
1624 1788 1693 1826 ἕξιν
1716 1789 1785 1817 τῶν

1083 1835 1345 1874 ἁμαρτανόντων
1366 1836 1428 1871 τήν
1452 1836 1629 1873 μετάνοιαν
1653 1837 1785 1875 ὁρίζειν·

1084 1885 1164 1913 unde
1177 1885 1325 1913 discimus
1339 1886 1529 1922 poenitentz'oe
1541 1887 1626 1923 fines
1640 1886 1784 1915 determi-

1083 1933 1203 1961 nunclos
1224 1943 1283 1961 non
1305 1934 1375 1962 sola
1396 1934 1578 1963 delictorum
1597 1938 1714 1964 natura
1735 1936 1784 1964 in-

1083 1986 1197 2020 specta,
1217 1983 1272 2012 sed
1290 1987 1318 2012 et
1335 1985 1494 2022 propositi
1514 1989 1543 2013 et
1563 1986 1659 2013 moris
1679 1995 1785 2014 eorum

1083 2033 1326 2071 quipeccarmzt.
1350 2034 1454 2072 (Tom.
1472 2043 1523 2063 111.
1540 2044 1575 2073 p.
1589 2035 1671 2073 569.)
1695 2036 1784 2066 Idem

317 2201 466 2236 offense.

529 2200 617 2235 Also
638 2200 744 2235 there
765 2211 921 2246 appears
941 2210 963 2234 a
992 2203 1140 2244 greater
1160 2200 1317 2245 pravity,
1344 2199 1376 2233 if
1399 2211 1471 2245 any
1492 2210 1563 2234 one
1587 2199 1653 2234 has
1679 2200 1784 2235 often

316 2257 509 2292 offended:
542 2258 700 2292 because
720 2257 794 2291 bad
815 2257 936 2291 habits
963 2268 1026 2290 are
1056 2267 1171 2290 worse
1193 2256 1284 2290 than
1315 2257 1386 2290 bad
1409 2261 1497 2291 acts.

1558 2257 1644 2290 And
1664 2257 1783 2292 hence

315 2315 345 2349 it
362 2326 446 2360 may
463 2315 510 2348 be
526 2314 753 2348 understood
771 2314 852 2348 how
872 2314 931 2347 far
948 2313 1029 2347 that
1052 2325 1122 2347 was
1140 2313 1189 2359 by
1207 2317 1340 2347 nature
1359 2313 1557 2358 equitable,
1574 2313 1694 2348 which
1710 2325 1783 2348 was

315 2371 501 2417 practised
530 2382 666 2415 among
686 2370 750 2404 the
771 2371 955 2410 Persians,
984 2370 1066 2404 that
1094 2369 1157 2404 the
1187 2371 1351 2404 anterior
1378 2370 1444 2404 life
1465 2381 1537 2404 was
1562 2371 1675 2404 taken
1704 2371 1783 2405 into

316 2432 475 2462 account
496 2428 606 2472 along
626 2427 714 2461 with
735 2427 799 2461 the
821 2427 971 2461 offense.
1034 2426 1131 2460 That
1157 2438 1242 2472 may
1259 2427 1306 2461 be
1327 2427 1488 2472 applied,
1513 2426 1636 2461 where
1656 2438 1679 2461 a
1699 2438 1784 2473 per-

316 2496 394 2525 son,
416 2488 481 2518 not
509 2484 702 2518 otherwise
727 2484 810 2524 bad,
836 2483 902 2517 has
927 2484 1023 2517 been
1046 2494 1240 2517 overcome
1261 2483 1310 2528 by
1331 2494 1433 2517 some
1458 2483 1602 2517 sudden
1622 2487 1784 2528 tempta-

316 2542 416 2576 tion:
449 2541 516 2575 but
545 2545 611 2574 not
631 2541 669 2574 in
697 2540 803 2574 those
832 2539 914 2574 who
937 2540 1030 2573 have
1052 2539 1219 2584 changed
1237 2539 1335 2574 their
1356 2539 1474 2574 whole
1496 2551 1626 2574 course
1647 2540 1690 2574 of
1707 2540 1786 2581 life,

317 2598 355 2631 in
382 2597 502 2631 whom
521 2598 603 2631 God
631 2608 712 2643 says
740 2597 788 2631 he
809 2597 882 2630 will
903 2600 969 2631 not
989 2596 1122 2641 regard
1139 2596 1204 2630 the
1220 2596 1361 2631 former
1385 2596 1450 2630 life
1469 2595 1597 2639 (Ezek.
1618 2595 1780 2639 xviii.*).

320 2654 369 2688 So
391 2654 637 2699 Thucydides.

390 2715 412 2744 4
449 2711 529 2744 The
547 2711 696 2745 ancient
717 2709 932 2751 Christians,
954 2710 992 2743 in
1013 2709 1201 2754 assigning
1221 2708 1461 2754 punishment
1480 2709 1531 2755 by
1552 2709 1616 2744 the
1634 2720 1782 2751 canons,

377 2792 396 2809 ἦ
419 2794 488 2822 The
508 2794 662 2832 principal
679 2797 751 2832 part
770 2795 805 2823 of
816 2794 870 2823 the
892 2803 1025 2832 passage
1046 2793 1154 2822 rather
1174 2794 1272 2823 refers
1287 2793 1351 2832 (see
1367 2803 1395 2823 v.
1414 2793 1464 2831 10)
1486 2795 1518 2822 to
1535 2793 1588 2822 the
1609 2802 1665 2821 son
1686 2792 1784 2830 being

319 2842 381 2869 bad
397 2842 488 2870 when
502 2843 556 2871 the
570 2843 674 2872 father
688 2843 744 2872 has
758 2844 838 2871 been
853 2852 872 2871 a
886 2843 970 2880 good
986 2851 1068 2871 man.
1111 2843 1163 2871 W.
