<?xml version="1.0" encoding="UTF-8"?>
<!DOCTYPE html PUBLIC "-//W3C//DTD XHTML 1.0 Transitional//EN"
    "http://www.w3.org/TR/xhtml1/DTD/xhtml1-transitional.dtd">
<html xmlns="http://www.w3.org/1999/xhtml" xml:lang="en" lang="en">
 <head>
  <title>
</title>
<meta http-equiv="Content-Type" content="text/html;charset=utf-8" />
  <meta name='ocr-system' content='tesseract 3.04.00' />
  <meta name='ocr-capabilities' content='ocr_page ocr_carea ocr_par ocr_line ocrx_word'/>
</head>
<body>
  <div class='ocr_page' id='page_1' title='image "./dejurebellietpac02grotuoft_0365.png"; bbox 0 0 2018 3204; ppageno 0'>
   <div class='ocr_carea' id='block_1_1' title="bbox 478 284 1361 432">
    <p class='ocr_par' dir='ltr' id='par_1_1' title="bbox 478 284 1361 432">
     <span class='ocr_line' id='line_1_1' title="bbox 754 284 1097 326; baseline -0.003 0"><span class='ocrx_word' id='word_1_1' title='bbox 754 284 943 326; x_wconf 89' lang='lat' dir='ltr'><strong>CAPUT</strong></span> <span class='ocrx_word' id='word_1_2' title='bbox 979 285 1097 326; x_wconf 91' lang='lat' dir='ltr'>XXI.</span> 
     </span>
     <span class='ocr_line' id='line_1_2' title="bbox 478 394 1361 432; baseline 0.002 -3"><span class='ocrx_word' id='word_1_3' title='bbox 478 395 546 429; x_wconf 90' lang='lat' dir='ltr'><em>DE</em></span> <span class='ocrx_word' id='word_1_4' title='bbox 577 394 849 430; x_wconf 84' lang='lat' dir='ltr'><strong>POENARUM</strong></span> <span class='ocrx_word' id='word_1_5' title='bbox 880 394 1361 432; x_wconf 83' lang='lat' dir='ltr'>OOMMUNICATIONE.</span> 
     </span>
    </p>
   </div>
   <div class='ocr_carea' id='block_1_2' title="bbox 213 496 889 2137">
    <p class='ocr_par' dir='ltr' id='par_1_2' title="bbox 249 496 889 654">
     <span class='ocr_line' id='line_1_3' title="bbox 249 496 889 541; baseline 0 -11"><span class='ocrx_word' id='word_1_6' title='bbox 249 497 278 530; x_wconf 90' lang='grc' dir='ltr'><em>Ι.</em></span> <span class='ocrx_word' id='word_1_7' title='bbox 334 496 451 530; x_wconf 78' lang='lat' dir='ltr'><em>Pa’na</em></span> <span class='ocrx_word' id='word_1_8' title='bbox 472 496 640 541; x_wconf 81' lang='lat' dir='ltr'><em>quomodo</em></span> <span class='ocrx_word' id='word_1_9' title='bbox 664 501 819 530; x_wconf 82' lang='lat' dir='ltr'><em>transeat</em></span> <span class='ocrx_word' id='word_1_10' title='bbox 839 497 889 530; x_wconf 88' lang='lat' dir='ltr'><em>ad</em></span> 
     </span>
     <span class='ocr_line' id='line_1_4' title="bbox 336 553 886 598; baseline 0 -11"><span class='ocrx_word' id='word_1_11' title='bbox 336 564 389 587; x_wconf 86' lang='lat' dir='ltr'><em>cos</em></span> <span class='ocrx_word' id='word_1_12' title='bbox 421 553 482 598; x_wconf 81' lang='lat' dir='ltr'><em>qui</em></span> <span class='ocrx_word' id='word_1_13' title='bbox 513 553 627 587; x_wconf 75' lang='lat' dir='ltr'><em>delicti</em></span> <span class='ocrx_word' id='word_1_14' title='bbox 660 559 742 586; x_wconf 87' lang='lat' dir='ltr'><em>sunt</em></span> <span class='ocrx_word' id='word_1_15' title='bbox 764 553 886 598; x_wconf 88' lang='lat' dir='ltr'><em>parti-</em></span> 
     </span>
     <span class='ocr_line' id='line_1_5' title="bbox 335 610 434 654; baseline 0 -11"><span class='ocrx_word' id='word_1_16' title='bbox 335 610 434 654; x_wconf 84' lang='lat' dir='ltr'><em>cipes.</em></span> 
     </span>
    </p>

    <p class='ocr_par' dir='ltr' id='par_1_3' title="bbox 236 666 887 929">
     <span class='ocr_line' id='line_1_6' title="bbox 236 666 885 701; baseline 0.003 -2"><span class='ocrx_word' id='word_1_17' title='bbox 236 666 286 700; x_wconf 85' lang='lat'>11.</span> <span class='ocrx_word' id='word_1_18' title='bbox 340 666 582 700; x_wconf 84' lang='lat' dir='ltr'><em>Communitas</em></span> <span class='ocrx_word' id='word_1_19' title='bbox 595 672 658 700; x_wconf 88' lang='lat' dir='ltr'><em>aut</em></span> <span class='ocrx_word' id='word_1_20' title='bbox 678 673 822 701; x_wconf 85' lang='lat' dir='ltr'><em>rectores</em></span> <span class='ocrx_word' id='word_1_21' title='bbox 839 673 885 701; x_wconf 87' lang='lat' dir='ltr'><em>te-</em></span> 
     </span>
     <span class='ocr_line' id='line_1_7' title="bbox 335 724 887 765; baseline 0.004 -9"><span class='ocrx_word' id='word_1_22' title='bbox 335 729 464 757; x_wconf 77' lang='lat' dir='ltr'><em>nentur</em></span> <span class='ocrx_word' id='word_1_23' title='bbox 488 734 528 757; x_wconf 74' lang='lat' dir='ltr'><em>eae</em></span> <span class='ocrx_word' id='word_1_24' title='bbox 552 724 681 758; x_wconf 82' lang='lat' dir='ltr'><em>subditi</em></span> <span class='ocrx_word' id='word_1_25' title='bbox 706 724 837 765; x_wconf 85' lang='lat' dir='ltr'><em>delicto,</em></span> <span class='ocrx_word' id='word_1_26' title='bbox 857 725 887 758; x_wconf 88' lang='lat' dir='ltr'><em>si</em></span> 
     </span>
     <span class='ocr_line' id='line_1_8' title="bbox 334 780 886 826; baseline 0.002 -12"><span class='ocrx_word' id='word_1_27' title='bbox 334 780 428 814; x_wconf 84' lang='lat' dir='ltr'><em>adsit</em></span> <span class='ocrx_word' id='word_1_28' title='bbox 452 780 595 814; x_wconf 84' lang='lat' dir='ltr'><em>scientia</em></span> <span class='ocrx_word' id='word_1_29' title='bbox 619 787 649 814; x_wconf 83' lang='lat' dir='ltr'><em>et</em></span> <span class='ocrx_word' id='word_1_30' title='bbox 673 793 744 815; x_wconf 90' lang='lat' dir='ltr'><em>non</em></span> <span class='ocrx_word' id='word_1_31' title='bbox 761 782 886 826; x_wconf 74' lang='lat' dir='ltr'><em>prohi-</em></span> 
     </span>
     <span class='ocr_line' id='line_1_9' title="bbox 336 837 887 883; baseline 0.002 -12"><span class='ocrx_word' id='word_1_32' title='bbox 336 837 417 871; x_wconf 86' lang='lat' dir='ltr'><em>bitio</em></span> <span class='ocrx_word' id='word_1_33' title='bbox 443 849 522 871; x_wconf 81' lang='lat' dir='ltr'><em>cum</em></span> <span class='ocrx_word' id='word_1_34' title='bbox 548 838 730 882; x_wconf 80' lang='lat' dir='ltr'><em>prohibere</em></span> <span class='ocrx_word' id='word_1_35' title='bbox 750 839 887 883; x_wconf 84' lang='lat' dir='ltr'><em>possint</em></span> 
     </span>
     <span class='ocr_line' id='line_1_10' title="bbox 335 895 542 929; baseline -0.01 0"><span class='ocrx_word' id='word_1_36' title='bbox 335 900 365 929; x_wconf 87' lang='lat' dir='ltr'><em>ct</em></span> <span class='ocrx_word' id='word_1_37' title='bbox 383 895 542 929; x_wconf 86' lang='lat' dir='ltr'><em>debeant:</em></span> 
     </span>
    </p>

    <p class='ocr_par' dir='ltr' id='par_1_4' title="bbox 226 951 888 1053">
     <span class='ocr_line' id='line_1_11' title="bbox 226 951 888 997; baseline 0.002 -12"><span class='ocrx_word' id='word_1_38' title='bbox 226 951 294 985; x_wconf 90' lang='grc' dir='ltr'><strong>ΙΙΙ.</strong></span> <span class='ocrx_word' id='word_1_39' title='bbox 335 952 425 985; x_wconf 81' lang='lat' dir='ltr'><em>Item</em></span> <span class='ocrx_word' id='word_1_40' title='bbox 454 963 495 986; x_wconf 66' lang='lat' dir='ltr'><em>ex</em></span> <span class='ocrx_word' id='word_1_41' title='bbox 518 958 655 997; x_wconf 86' lang='lat' dir='ltr'><em>receptu</em></span> <span class='ocrx_word' id='word_1_42' title='bbox 675 963 796 986; x_wconf 84' lang='lat' dir='ltr'><em>eorum</em></span> <span class='ocrx_word' id='word_1_43' title='bbox 827 952 888 997; x_wconf 83' lang='lat' dir='ltr'><em>qui</em></span> 
     </span>
     <span class='ocr_line' id='line_1_12' title="bbox 337 1009 671 1053; baseline 0.006 -12"><span class='ocrx_word' id='word_1_44' title='bbox 337 1009 423 1042; x_wconf 82' lang='lat' dir='ltr'><em>alibi</em></span> <span class='ocrx_word' id='word_1_45' title='bbox 443 1009 671 1053; x_wconf 78' lang='lat' dir='ltr'><em>deliquerunt.</em></span> 
     </span>
    </p>

    <p class='ocr_par' dir='ltr' id='par_1_5' title="bbox 225 1065 887 1213">
     <span class='ocr_line' id='line_1_13' title="bbox 225 1065 887 1110; baseline 0.002 -11"><span class='ocrx_word' id='word_1_46' title='bbox 225 1065 291 1099; x_wconf 90' lang='lat' dir='ltr'>IV.</span> <span class='ocrx_word' id='word_1_47' title='bbox 335 1065 417 1099; x_wconf 73' lang='lat' dir='ltr'><em>Nisi</em></span> <span class='ocrx_word' id='word_1_48' title='bbox 446 1071 510 1100; x_wconf 85' lang='lat' dir='ltr'><em>aut</em></span> <span class='ocrx_word' id='word_1_49' title='bbox 535 1066 694 1110; x_wconf 83' lang='lat' dir='ltr'><em>puniant</em></span> <span class='ocrx_word' id='word_1_50' title='bbox 730 1071 794 1100; x_wconf 87' lang='lat' dir='ltr'><em>aut</em></span> <span class='ocrx_word' id='word_1_51' title='bbox 829 1067 887 1100; x_wconf 86' lang='lat' dir='ltr'><em>de-</em></span> 
     </span>
     <span class='ocr_line' id='line_1_14' title="bbox 336 1123 886 1168; baseline 0.004 -13"><span class='ocrx_word' id='word_1_52' title='bbox 336 1123 447 1156; x_wconf 82' lang='lat' dir='ltr'><em>dant.-</em></span> <span class='ocrx_word' id='word_1_53' title='bbox 477 1123 571 1167; x_wconf 84' lang='lat' dir='ltr'><em>quod</em></span> <span class='ocrx_word' id='word_1_54' title='bbox 594 1123 757 1168; x_wconf 71' lang='lat' dir='ltr'><em>exemplis</em></span> <span class='ocrx_word' id='word_1_55' title='bbox 787 1123 886 1157; x_wconf 81' lang='lat' dir='ltr'><em>illus-</em></span> 
     </span>
     <span class='ocr_line' id='line_1_15' title="bbox 336 1185 468 1213; baseline 0.008 -1"><span class='ocrx_word' id='word_1_56' title='bbox 336 1185 468 1213; x_wconf 78' lang='lat' dir='ltr'><em>tratur.</em></span> 
     </span>
    </p>

    <p class='ocr_par' dir='ltr' id='par_1_6' title="bbox 235 1235 887 1396">
     <span class='ocr_line' id='line_1_16' title="bbox 235 1235 887 1284; baseline 0.002 -15"><span class='ocrx_word' id='word_1_57' title='bbox 235 1235 282 1270; x_wconf 90' lang='lat' dir='ltr'><em>V.</em></span> <span class='ocrx_word' id='word_1_58' title='bbox 332 1236 430 1284; x_wconf 73' lang='lat' dir='ltr'><em>Jura</em></span> <span class='ocrx_word' id='word_1_59' title='bbox 445 1236 645 1281; x_wconf 84' lang='lat' dir='ltr'><em>supplicum</em></span> <span class='ocrx_word' id='word_1_60' title='bbox 664 1237 715 1270; x_wconf 87' lang='lat' dir='ltr'><em>ad</em></span> <span class='ocrx_word' id='word_1_61' title='bbox 729 1237 887 1282; x_wconf 77' lang='lat' dir='ltr'><em>infortu-</em></span> 
     </span>
     <span class='ocr_line' id='line_1_17' title="bbox 333 1294 887 1339; baseline 0.004 -13"><span class='ocrx_word' id='word_1_62' title='bbox 333 1299 444 1333; x_wconf 86' lang='lat' dir='ltr'><em>natos,</em></span> <span class='ocrx_word' id='word_1_63' title='bbox 470 1305 540 1327; x_wconf 87' lang='lat' dir='ltr'><em>non</em></span> <span class='ocrx_word' id='word_1_64' title='bbox 560 1294 610 1327; x_wconf 87' lang='lat' dir='ltr'><em>ad</em></span> <span class='ocrx_word' id='word_1_65' title='bbox 630 1300 783 1328; x_wconf 74' lang='lat' dir='ltr'><em>nocentes</em></span> <span class='ocrx_word' id='word_1_66' title='bbox 803 1306 887 1339; x_wconf 79' lang='lat' dir='ltr'><em>per-</em></span> 
     </span>
     <span class='ocr_line' id='line_1_18' title="bbox 333 1351 855 1396; baseline 0.002 -12"><span class='ocrx_word' id='word_1_67' title='bbox 333 1351 462 1384; x_wconf 83' lang='lat' dir='ltr'><em>tinere:</em></span> <span class='ocrx_word' id='word_1_68' title='bbox 493 1362 573 1385; x_wconf 80' lang='lat' dir='ltr'><em>cum</em></span> <span class='ocrx_word' id='word_1_69' title='bbox 591 1351 855 1396; x_wconf 66' lang='lat' dir='ltr'><em>exceptionibus,</em></span> 
     </span>
    </p>

    <p class='ocr_par' dir='ltr' id='par_1_7' title="bbox 225 1406 889 1909">
     <span class='ocr_line' id='line_1_19' title="bbox 225 1406 888 1454; baseline 0 -14"><span class='ocrx_word' id='word_1_70' title='bbox 225 1406 293 1441; x_wconf 87' lang='lat' dir='ltr'>VI.</span> <span class='ocrx_word' id='word_1_71' title='bbox 334 1407 489 1454; x_wconf 76' lang='lat' dir='ltr'><em>Defendi</em></span> <span class='ocrx_word' id='word_1_72' title='bbox 499 1413 615 1442; x_wconf 84' lang='lat' dir='ltr'><em>tamen</em></span> <span class='ocrx_word' id='word_1_73' title='bbox 624 1409 794 1453; x_wconf 84' lang='lat' dir='ltr'><em>supplices</em></span> <span class='ocrx_word' id='word_1_74' title='bbox 802 1409 888 1441; x_wconf 81' lang='lat' dir='ltr'><em>dum</em></span> 
     </span>
     <span class='ocr_line' id='line_1_20' title="bbox 333 1465 888 1509; baseline 0 -11"><span class='ocrx_word' id='word_1_75' title='bbox 333 1465 374 1498; x_wconf 84' lang='lat' dir='ltr'><em>de</em></span> <span class='ocrx_word' id='word_1_76' title='bbox 394 1476 502 1498; x_wconf 82' lang='lat' dir='ltr'><em>causa</em></span> <span class='ocrx_word' id='word_1_77' title='bbox 522 1471 770 1509; x_wconf 68' lang='lat' dir='ltr'><em>cofflzoscatur:</em></span> <span class='ocrx_word' id='word_1_78' title='bbox 798 1471 828 1499; x_wconf 86' lang='lat' dir='ltr'><em>et</em></span> <span class='ocrx_word' id='word_1_79' title='bbox 848 1476 888 1499; x_wconf 73' lang='lat' dir='ltr'><em>ecc</em></span> 
     </span>
     <span class='ocr_line' id='line_1_21' title="bbox 335 1522 864 1567; baseline 0 -12"><span class='ocrx_word' id='word_1_80' title='bbox 335 1533 402 1566; x_wconf 75' lang='lat' dir='ltr'><em>quo</em></span> <span class='ocrx_word' id='word_1_81' title='bbox 415 1523 499 1567; x_wconf 78' lang='lat' dir='ltr'><em>jure</em></span> <span class='ocrx_word' id='word_1_82' title='bbox 508 1522 684 1566; x_wconf 82' lang='lat' dir='ltr'><em>facienda</em></span> <span class='ocrx_word' id='word_1_83' title='bbox 704 1522 864 1566; x_wconf 74' lang='lat' dir='ltr'><em>coynitio.</em></span> 
     </span>
     <span class='ocr_line' id='line_1_22' title="bbox 345 1578 889 1620; baseline 0.002 -9"><span class='ocrx_word' id='word_1_84' title='bbox 345 1578 526 1620; x_wconf 75' lang='lat' dir='ltr'><em>Quomodo</em></span> <span class='ocrx_word' id='word_1_85' title='bbox 565 1579 679 1613; x_wconf 79' lang='lat' dir='ltr'><em>delicti</em></span> <span class='ocrx_word' id='word_1_86' title='bbox 714 1585 889 1613; x_wconf 82' lang='lat' dir='ltr'><em>rectorum</em></span> 
     </span>
     <span class='ocr_line' id='line_1_23' title="bbox 333 1636 889 1681; baseline 0.002 -13"><span class='ocrx_word' id='word_1_87' title='bbox 333 1636 524 1681; x_wconf 76' lang='lat' dir='ltr'><em>participes</em></span> <span class='ocrx_word' id='word_1_88' title='bbox 559 1636 628 1670; x_wconf 89' lang='lat' dir='ltr'><em>sint</em></span> <span class='ocrx_word' id='word_1_89' title='bbox 656 1636 796 1678; x_wconf 85' lang='lat' dir='ltr'><em>subditi,</em></span> <span class='ocrx_word' id='word_1_90' title='bbox 825 1642 889 1670; x_wconf 83' lang='lat' dir='ltr'><em>aut</em></span> 
     </span>
     <span class='ocr_line' id='line_1_24' title="bbox 338 1693 888 1739; baseline -0.002 -12"><span class='ocrx_word' id='word_1_91' title='bbox 338 1693 598 1727; x_wconf 76' lang='lat' dir='ltr'><em>communitatis</em></span> <span class='ocrx_word' id='word_1_92' title='bbox 639 1693 675 1727; x_wconf 76' lang='lat' dir='ltr'><em>hi</em></span> <span class='ocrx_word' id='word_1_93' title='bbox 717 1693 778 1738; x_wconf 81' lang='lat' dir='ltr'><em>qui</em></span> <span class='ocrx_word' id='word_1_94' title='bbox 817 1694 888 1739; x_wconf 79' lang='lat' dir='ltr'><em>ejus</em></span> 
     </span>
     <span class='ocr_line' id='line_1_25' title="bbox 337 1751 888 1795; baseline 0 -12"><span class='ocrx_word' id='word_1_95' title='bbox 337 1751 494 1784; x_wconf 84' lang='lat' dir='ltr'><em>membra</em></span> <span class='ocrx_word' id='word_1_96' title='bbox 523 1756 625 1784; x_wconf 85' lang='lat' dir='ltr'><em>sunt:</em></span> <span class='ocrx_word' id='word_1_97' title='bbox 659 1755 690 1784; x_wconf 89' lang='lat' dir='ltr'><em>et</em></span> <span class='ocrx_word' id='word_1_98' title='bbox 718 1751 888 1795; x_wconf 77' lang='lat' dir='ltr'><em>quomodo</em></span> 
     </span>
     <span class='ocr_line' id='line_1_26' title="bbox 337 1807 889 1852; baseline 0.002 -12"><span class='ocrx_word' id='word_1_99' title='bbox 337 1807 503 1852; x_wconf 66' lang='lat' dir='ltr'><em>differant</em></span> <span class='ocrx_word' id='word_1_100' title='bbox 509 1818 618 1852; x_wconf 72' lang='lat' dir='ltr'><em>poena</em></span> <span class='ocrx_word' id='word_1_101' title='bbox 630 1807 889 1841; x_wconf 80' lang='lat' dir='ltr'><em>communitatis</em></span> 
     </span>
     <span class='ocr_line' id='line_1_27' title="bbox 335 1864 742 1909; baseline -0.002 -11"><span class='ocrx_word' id='word_1_102' title='bbox 335 1869 367 1898; x_wconf 88' lang='lat' dir='ltr'><em>et</em></span> <span class='ocrx_word' id='word_1_103' title='bbox 382 1876 491 1909; x_wconf 83' lang='lat' dir='ltr'><em>poena</em></span> <span class='ocrx_word' id='word_1_104' title='bbox 509 1864 742 1909; x_wconf 73' lang='lat' dir='ltr'><em>sinqulorum.</em></span> 
     </span>
    </p>

    <p class='ocr_par' dir='ltr' id='par_1_8' title="bbox 213 1919 888 2023">
     <span class='ocr_line' id='line_1_28' title="bbox 213 1919 888 1967; baseline 0.004 -15"><span class='ocrx_word' id='word_1_105' title='bbox 213 1919 320 1954; x_wconf 93' lang='lat' dir='ltr'>VIII.</span> <span class='ocrx_word' id='word_1_106' title='bbox 339 1921 464 1955; x_wconf 80' lang='lat' dir='ltr'><em>Poenae</em></span> <span class='ocrx_word' id='word_1_107' title='bbox 484 1922 546 1967; x_wconf 78' lang='lat' dir='ltr'><em>jus</em></span> <span class='ocrx_word' id='word_1_108' title='bbox 570 1922 609 1954; x_wconf 85' lang='lat' dir='ltr'><em>in</em></span> <span class='ocrx_word' id='word_1_109' title='bbox 628 1921 888 1955; x_wconf 80' lang='lat' dir='ltr'><em>universitatem</em></span> 
     </span>
     <span class='ocr_line' id='line_1_29' title="bbox 338 1978 637 2023; baseline 0.007 -13"><span class='ocrx_word' id='word_1_110' title='bbox 338 1978 509 2023; x_wconf 83' lang='lat' dir='ltr'><em>quamdiu</em></span> <span class='ocrx_word' id='word_1_111' title='bbox 524 1978 637 2012; x_wconf 87' lang='lat' dir='ltr'><em>duret.</em></span> 
     </span>
    </p>

    <p class='ocr_par' dir='ltr' id='par_1_9' title="bbox 228 2033 885 2137">
     <span class='ocr_line' id='line_1_30' title="bbox 228 2033 885 2069; baseline 0.002 -2"><span class='ocrx_word' id='word_1_112' title='bbox 228 2033 299 2069; x_wconf 94' lang='lat' dir='ltr'>IX.</span> <span class='ocrx_word' id='word_1_113' title='bbox 336 2034 398 2068; x_wconf 85' lang='lat' dir='ltr'><em>An</em></span> <span class='ocrx_word' id='word_1_114' title='bbox 417 2035 489 2069; x_wconf 87' lang='lat' dir='ltr'><em>sine</em></span> <span class='ocrx_word' id='word_1_115' title='bbox 507 2035 623 2069; x_wconf 80' lang='lat' dir='ltr'><em>delicti</em></span> <span class='ocrx_word' id='word_1_116' title='bbox 646 2035 885 2069; x_wconf 85' lang='lat' dir='ltr'><em>communica-</em></span> 
     </span>
     <span class='ocr_line' id='line_1_31' title="bbox 337 2091 738 2137; baseline 0.002 -11"><span class='ocrx_word' id='word_1_117' title='bbox 337 2091 427 2126; x_wconf 83' lang='lat' dir='ltr'><em>tione</em></span> <span class='ocrx_word' id='word_1_118' title='bbox 440 2103 551 2137; x_wconf 84' lang='lat' dir='ltr'><em>poena</em></span> <span class='ocrx_word' id='word_1_119' title='bbox 570 2098 738 2127; x_wconf 84' lang='lat' dir='ltr'><em>transeat.</em></span> 
     </span>
    </p>
   </div>
   <div class='ocr_carea' id='block_1_3' title="bbox 218 1577 307 1612">
    <p class='ocr_par' dir='ltr' id='par_1_10' title="bbox 218 1577 307 1612">
     <span class='ocr_line' id='line_1_32' title="bbox 218 1577 307 1612; baseline 0.022 -2"><span class='ocrx_word' id='word_1_120' title='bbox 218 1577 307 1612; x_wconf 90' lang='lat' dir='ltr'>VII.</span> 
     </span>
    </p>
   </div>
   <div class='ocr_carea' id='block_1_4' title="bbox 991 497 1650 715">
    <p class='ocr_par' dir='ltr' id='par_1_11' title="bbox 999 497 1650 644">
     <span class='ocr_line' id='line_1_33' title="bbox 999 497 1649 543; baseline 0.005 -13"><span class='ocrx_word' id='word_1_121' title='bbox 999 497 1048 530; x_wconf 89' lang='lat' dir='ltr'><em>X.</em></span> <span class='ocrx_word' id='word_1_122' title='bbox 1095 497 1286 531; x_wconf 73' lang='lat' dir='ltr'><em>Discinctio</em></span> <span class='ocrx_word' id='word_1_123' title='bbox 1313 498 1384 542; x_wconf 70' lang='lat' dir='ltr'><em>ejus</em></span> <span class='ocrx_word' id='word_1_124' title='bbox 1404 499 1498 543; x_wconf 80' lang='lat' dir='ltr'><em>quod</em></span> <span class='ocrx_word' id='word_1_125' title='bbox 1520 498 1649 533; x_wconf 86' lang='lat' dir='ltr'><em>directo</em></span> 
     </span>
     <span class='ocr_line' id='line_1_34' title="bbox 1096 554 1650 600; baseline 0.004 -14"><span class='ocrx_word' id='word_1_126' title='bbox 1096 554 1252 599; x_wconf 75' lang='lat' dir='ltr'><em>insertur</em></span> <span class='ocrx_word' id='word_1_127' title='bbox 1269 560 1299 588; x_wconf 88' lang='lat' dir='ltr'><em>et</em></span> <span class='ocrx_word' id='word_1_128' title='bbox 1319 555 1357 588; x_wconf 86' lang='lat' dir='ltr'><em>in</em></span> <span class='ocrx_word' id='word_1_129' title='bbox 1374 557 1650 600; x_wconf 81' lang='lat' dir='ltr'><em>consequentiam</em></span> 
     </span>
     <span class='ocr_line' id='line_1_35' title="bbox 1096 610 1198 644; baseline -0.01 0"><span class='ocrx_word' id='word_1_130' title='bbox 1096 610 1198 644; x_wconf 85' lang='lat' dir='ltr'><em>venit.</em></span> 
     </span>
    </p>

    <p class='ocr_par' dir='ltr' id='par_1_12' title="bbox 991 667 1650 715">
     <span class='ocr_line' id='line_1_36' title="bbox 991 667 1650 715; baseline 0.006 -15"><span class='ocrx_word' id='word_1_131' title='bbox 991 667 1060 700; x_wconf 86' lang='lat' dir='ltr'>XI.</span> <span class='ocrx_word' id='word_1_132' title='bbox 1099 667 1290 702; x_wconf 85' lang='lat' dir='ltr'><em>Distinctio</em></span> <span class='ocrx_word' id='word_1_133' title='bbox 1306 669 1377 714; x_wconf 79' lang='lat' dir='ltr'><em>ejus</em></span> <span class='ocrx_word' id='word_1_134' title='bbox 1389 670 1483 714; x_wconf 78' lang='lat' dir='ltr'><em>quod</em></span> <span class='ocrx_word' id='word_1_135' title='bbox 1489 670 1536 715; x_wconf 86' lang='lat' dir='ltr'><em>fit</em></span> <span class='ocrx_word' id='word_1_136' title='bbox 1553 681 1650 704; x_wconf 83' lang='lat' dir='ltr'><em>occa-</em></span> 
     </span>
    </p>
   </div>
   <div class='ocr_carea' id='block_1_5' title="bbox 956 724 1654 2138">
    <p class='ocr_par' dir='ltr' id='par_1_13' title="bbox 1096 724 1649 826">
     <span class='ocr_line' id='line_1_37' title="bbox 1096 724 1649 771; baseline 0.005 -14"><span class='ocrx_word' id='word_1_137' title='bbox 1096 724 1188 758; x_wconf 84' lang='lat' dir='ltr'><em>sione</em></span> <span class='ocrx_word' id='word_1_138' title='bbox 1200 726 1336 769; x_wconf 83' lang='lat' dir='ltr'><em>peccati</em></span> <span class='ocrx_word' id='word_1_139' title='bbox 1351 732 1381 760; x_wconf 92' lang='lat' dir='ltr'><em>et</em></span> <span class='ocrx_word' id='word_1_140' title='bbox 1398 727 1491 771; x_wconf 77' lang='lat' dir='ltr'><em>quod</em></span> <span class='ocrx_word' id='word_1_141' title='bbox 1509 737 1550 760; x_wconf 71' lang='lat' dir='ltr'><em>eac</em></span> <span class='ocrx_word' id='word_1_142' title='bbox 1566 738 1649 760; x_wconf 86' lang='lat' dir='ltr'><em>cau-</em></span> 
     </span>
     <span class='ocr_line' id='line_1_38' title="bbox 1096 782 1294 826; baseline 0 -11"><span class='ocrx_word' id='word_1_143' title='bbox 1096 793 1137 815; x_wconf 87' lang='lat' dir='ltr'><em>sa</em></span> <span class='ocrx_word' id='word_1_144' title='bbox 1148 782 1294 826; x_wconf 85' lang='lat' dir='ltr'><em>peccati.</em></span> 
     </span>
    </p>

    <p class='ocr_par' dir='ltr' id='par_1_14' title="bbox 977 838 1652 992">
     <span class='ocr_line' id='line_1_39' title="bbox 977 838 1652 882; baseline 0.004 -11"><span class='ocrx_word' id='word_1_145' title='bbox 977 838 1066 872; x_wconf 88' lang='lat' dir='ltr'>XII.</span> <span class='ocrx_word' id='word_1_146' title='bbox 1094 838 1248 882; x_wconf 79' lang='lat' dir='ltr'><em>Proprie</em></span> <span class='ocrx_word' id='word_1_147' title='bbox 1279 838 1446 882; x_wconf 78' lang='lat' dir='ltr'><em>loquendo</em></span> <span class='ocrx_word' id='word_1_148' title='bbox 1480 840 1652 874; x_wconf 80' lang='lat' dir='ltr'><em>neminem</em></span> 
     </span>
     <span class='ocr_line' id='line_1_40' title="bbox 1088 895 1650 941; baseline 0.007 -14"><span class='ocrx_word' id='word_1_149' title='bbox 1088 896 1182 941; x_wconf 77' lang='lat' dir='ltr'><em>juste</em></span> <span class='ocrx_word' id='word_1_150' title='bbox 1190 895 1321 939; x_wconf 85' lang='lat' dir='ltr'><em>punire</em></span> <span class='ocrx_word' id='word_1_151' title='bbox 1332 897 1372 929; x_wconf 80' lang='lat' dir='ltr'><em>ob</em></span> <span class='ocrx_word' id='word_1_152' title='bbox 1385 896 1549 930; x_wconf 81' lang='lat' dir='ltr'><em>delictum</em></span> <span class='ocrx_word' id='word_1_153' title='bbox 1566 897 1650 931; x_wconf 87' lang='lat' dir='ltr'><em>alic-</em></span> 
     </span>
     <span class='ocr_line' id='line_1_41' title="bbox 1096 952 1354 992; baseline 0.004 -8"><span class='ocrx_word' id='word_1_154' title='bbox 1096 963 1194 992; x_wconf 82' lang='lat' dir='ltr'><em>num,</em></span> <span class='ocrx_word' id='word_1_155' title='bbox 1214 957 1244 985; x_wconf 87' lang='lat' dir='ltr'><em>et</em></span> <span class='ocrx_word' id='word_1_156' title='bbox 1261 952 1354 985; x_wconf 67' lang='lat' dir='ltr'><em>cur?</em></span> 
     </span>
    </p>

    <p class='ocr_par' dir='ltr' id='par_1_15' title="bbox 968 1008 1650 1100">
     <span class='ocr_line' id='line_1_42' title="bbox 968 1008 1650 1055; baseline 0.004 -13"><span class='ocrx_word' id='word_1_157' title='bbox 968 1008 1077 1043; x_wconf 89' lang='lat' dir='ltr'>XIII.</span> <span class='ocrx_word' id='word_1_158' title='bbox 1093 1009 1177 1042; x_wconf 88' lang='lat' dir='ltr'><em>Non</em></span> <span class='ocrx_word' id='word_1_159' title='bbox 1188 1009 1286 1054; x_wconf 86' lang='lat' dir='ltr'><em>filios</em></span> <span class='ocrx_word' id='word_1_160' title='bbox 1312 1010 1352 1043; x_wconf 89' lang='lat' dir='ltr'><em>ob</em></span> <span class='ocrx_word' id='word_1_161' title='bbox 1375 1016 1570 1055; x_wconf 83' lang='lat' dir='ltr'><em>parentum</em></span> <span class='ocrx_word' id='word_1_162' title='bbox 1594 1012 1650 1045; x_wconf 85' lang='lat' dir='ltr'><em>de-</em></span> 
     </span>
     <span class='ocr_line' id='line_1_43' title="bbox 1097 1065 1205 1100; baseline 0 -2"><span class='ocrx_word' id='word_1_163' title='bbox 1097 1065 1181 1100; x_wconf 88' lang='lat' dir='ltr'><em>licta</em></span> <span class='ocrx_word' id='word_1_164' title='bbox 1194 1078 1205 1098; x_wconf 81' lang='lat'>.-</span> 
     </span>
    </p>

    <p class='ocr_par' dir='ltr' id='par_1_16' title="bbox 969 1121 1651 1341">
     <span class='ocr_line' id='line_1_44' title="bbox 969 1121 1650 1172; baseline 0.004 -16"><span class='ocrx_word' id='word_1_165' title='bbox 969 1122 1074 1157; x_wconf 88' lang='lat' dir='ltr'>XIV.</span> <span class='ocrx_word' id='word_1_166' title='bbox 1095 1121 1358 1168; x_wconf 80' lang='lat' dir='ltr'><em>(Respondetur</em></span> <span class='ocrx_word' id='word_1_167' title='bbox 1387 1125 1437 1158; x_wconf 87' lang='lat' dir='ltr'><em>ad</em></span> <span class='ocrx_word' id='word_1_168' title='bbox 1460 1124 1531 1159; x_wconf 86' lang='lat' dir='ltr'><em>Dei</em></span> <span class='ocrx_word' id='word_1_169' title='bbox 1540 1126 1650 1172; x_wconf 87' lang='lat' dir='ltr'><em>facta</em></span> 
     </span>
     <span class='ocr_line' id='line_1_45' title="bbox 1098 1179 1650 1227; baseline 0.005 -14"><span class='ocrx_word' id='word_1_170' title='bbox 1098 1179 1171 1222; x_wconf 82' lang='lat' dir='ltr'><em>[vel</em></span> <span class='ocrx_word' id='word_1_171' title='bbox 1194 1180 1328 1226; x_wconf 84' lang='lat' dir='ltr'><em>potius,</em></span> <span class='ocrx_word' id='word_1_172' title='bbox 1361 1182 1411 1215; x_wconf 85' lang='lat' dir='ltr'><em>ad</em></span> <span class='ocrx_word' id='word_1_173' title='bbox 1433 1182 1650 1227; x_wconf 79' lang='lat' dir='ltr'><em>objectionem</em></span> 
     </span>
     <span class='ocr_line' id='line_1_46' title="bbox 1092 1237 1651 1283; baseline 0.004 -13"><span class='ocrx_word' id='word_1_174' title='bbox 1092 1237 1242 1283; x_wconf 82' lang='lat' dir='ltr'><em>petitam</em></span> <span class='ocrx_word' id='word_1_175' title='bbox 1261 1249 1302 1271; x_wconf 67' lang='lat' dir='ltr'><em>em</em></span> <span class='ocrx_word' id='word_1_176' title='bbox 1321 1237 1393 1272; x_wconf 86' lang='lat' dir='ltr'><em>Dei</em></span> <span class='ocrx_word' id='word_1_177' title='bbox 1401 1238 1533 1283; x_wconf 82' lang='lat' dir='ltr'><em>factis]</em></span> <span class='ocrx_word' id='word_1_178' title='bbox 1555 1240 1651 1274; x_wconf 90' lang='lat' dir='ltr'><em>circa</em></span> 
     </span>
     <span class='ocr_line' id='line_1_47' title="bbox 1091 1294 1420 1341; baseline 0.006 -14"><span class='ocrx_word' id='word_1_179' title='bbox 1091 1294 1188 1341; x_wconf 81' lang='lat' dir='ltr'><em>filios</em></span> <span class='ocrx_word' id='word_1_180' title='bbox 1206 1294 1420 1338; x_wconf 82' lang='lat' dir='ltr'><em>nocentum.)</em></span> 
     </span>
    </p>

    <p class='ocr_par' dir='ltr' id='par_1_17' title="bbox 979 1352 1647 1397">
     <span class='ocr_line' id='line_1_48' title="bbox 979 1352 1647 1397; baseline 0.001 -11"><span class='ocrx_word' id='word_1_181' title='bbox 979 1352 1064 1386; x_wconf 89' lang='lat' dir='ltr'><em>XV.</em></span> <span class='ocrx_word' id='word_1_182' title='bbox 1097 1352 1215 1385; x_wconf 85' lang='lat' dir='ltr'><em>Multo</em></span> <span class='ocrx_word' id='word_1_183' title='bbox 1231 1352 1349 1386; x_wconf 79' lang='lat' dir='ltr'><em>‘minus</em></span> <span class='ocrx_word' id='word_1_184' title='bbox 1369 1359 1532 1397; x_wconf 71' lang='lat' dir='ltr'><em>coynatos</em></span> <span class='ocrx_word' id='word_1_185' title='bbox 1547 1353 1647 1388; x_wconf 86' lang='lat' dir='ltr'><em>alios.</em></span> 
     </span>
    </p>

    <p class='ocr_par' dir='ltr' id='par_1_18' title="bbox 972 1408 1651 1627">
     <span class='ocr_line' id='line_1_49' title="bbox 972 1408 1651 1455; baseline 0.003 -13"><span class='ocrx_word' id='word_1_186' title='bbox 972 1409 1077 1443; x_wconf 90' lang='lat' dir='ltr'>XVI.</span> <span class='ocrx_word' id='word_1_187' title='bbox 1097 1408 1205 1443; x_wconf 86' lang='lat' dir='ltr'><em>Posse</em></span> <span class='ocrx_word' id='word_1_188' title='bbox 1233 1415 1349 1443; x_wconf 79' lang='lat' dir='ltr'><em>tamen</em></span> <span class='ocrx_word' id='word_1_189' title='bbox 1377 1410 1492 1443; x_wconf 79' lang='lat' dir='ltr'><em>liberis</em></span> <span class='ocrx_word' id='word_1_190' title='bbox 1519 1416 1549 1444; x_wconf 90' lang='lat' dir='ltr'><em>et</em></span> <span class='ocrx_word' id='word_1_191' title='bbox 1574 1422 1651 1455; x_wconf 71' lang='lat' dir='ltr'><em>coq-</em></span> 
     </span>
     <span class='ocr_line' id='line_1_50' title="bbox 1098 1466 1651 1512; baseline 0.005 -14"><span class='ocrx_word' id='word_1_192' title='bbox 1098 1466 1193 1499; x_wconf 84' lang='lat' dir='ltr'><em>natis</em></span> <span class='ocrx_word' id='word_1_193' title='bbox 1214 1473 1397 1500; x_wconf 83' lang='lat' dir='ltr'><em>nocentum</em></span> <span class='ocrx_word' id='word_1_194' title='bbox 1425 1467 1564 1512; x_wconf 77' lang='lat' dir='ltr'><em>aliquid</em></span> <span class='ocrx_word' id='word_1_195' title='bbox 1591 1479 1651 1501; x_wconf 84' lang='lat' dir='ltr'><em>ne-</em></span> 
     </span>
     <span class='ocr_line' id='line_1_51' title="bbox 1097 1523 1650 1569; baseline 0.005 -14"><span class='ocrx_word' id='word_1_196' title='bbox 1097 1523 1193 1567; x_wconf 65' lang='lat' dir='ltr'><em>yari,</em></span> <span class='ocrx_word' id='word_1_197' title='bbox 1232 1524 1326 1568; x_wconf 74' lang='lat' dir='ltr'><em>quod</em></span> <span class='ocrx_word' id='word_1_198' title='bbox 1360 1524 1494 1569; x_wconf 79' lang='lat' dir='ltr'><em>alioqui</em></span> <span class='ocrx_word' id='word_1_199' title='bbox 1529 1525 1650 1559; x_wconf 78' lang='lat' dir='ltr'><em>habere</em></span> 
     </span>
     <span class='ocr_line' id='line_1_52' title="bbox 1094 1582 1580 1627; baseline 0.002 -14"><span class='ocrx_word' id='word_1_200' title='bbox 1094 1585 1282 1625; x_wconf 84' lang='lat' dir='ltr'><em>poterant:</em></span> <span class='ocrx_word' id='word_1_201' title='bbox 1308 1592 1388 1614; x_wconf 85' lang='lat' dir='ltr'><em>cum</em></span> <span class='ocrx_word' id='word_1_202' title='bbox 1404 1582 1580 1627; x_wconf 72' lang='lat' dir='ltr'><em>exemplis.</em></span> 
     </span>
    </p>

    <p class='ocr_par' dir='ltr' id='par_1_19' title="bbox 956 1636 1652 1740">
     <span class='ocr_line' id='line_1_53' title="bbox 956 1636 1652 1684; baseline 0.003 -14"><span class='ocrx_word' id='word_1_203' title='bbox 956 1636 1082 1672; x_wconf 91' lang='lat' dir='ltr'>XVII.</span> <span class='ocrx_word' id='word_1_204' title='bbox 1096 1637 1168 1671; x_wconf 91' lang='lat' dir='ltr'><em>Nec</em></span> <span class='ocrx_word' id='word_1_205' title='bbox 1209 1637 1362 1672; x_wconf 87' lang='lat' dir='ltr'><em>subditos</em></span> <span class='ocrx_word' id='word_1_206' title='bbox 1395 1639 1544 1684; x_wconf 79' lang='lat' dir='ltr'><em>proprie</em></span> <span class='ocrx_word' id='word_1_207' title='bbox 1581 1650 1652 1684; x_wconf 86' lang='lat' dir='ltr'><em>pu-</em></span> 
     </span>
     <span class='ocr_line' id='line_1_54' title="bbox 1098 1694 1651 1740; baseline 0.004 -13"><span class='ocrx_word' id='word_1_208' title='bbox 1098 1694 1173 1727; x_wconf 82' lang='lat' dir='ltr'><em>niri</em></span> <span class='ocrx_word' id='word_1_209' title='bbox 1183 1706 1293 1739; x_wconf 86' lang='lat' dir='ltr'><em>posse,</em></span> <span class='ocrx_word' id='word_1_210' title='bbox 1310 1696 1350 1729; x_wconf 83' lang='lat' dir='ltr'><em>ob</em></span> <span class='ocrx_word' id='word_1_211' title='bbox 1366 1696 1457 1740; x_wconf 71' lang='lat' dir='ltr'><em>reyis</em></span> <span class='ocrx_word' id='word_1_212' title='bbox 1469 1696 1651 1730; x_wconf 81' lang='lat' dir='ltr'><em>delictum.-</em></span> 
     </span>
    </p>

    <p class='ocr_par' dir='ltr' id='par_1_20' title="bbox 956 1749 1652 1899">
     <span class='ocr_line' id='line_1_55' title="bbox 956 1749 1652 1797; baseline 0.004 -13"><span class='ocrx_word' id='word_1_213' title='bbox 956 1749 1101 1785; x_wconf 89' lang='lat' dir='ltr'>XVIII.</span> <span class='ocrx_word' id='word_1_214' title='bbox 1111 1751 1183 1785; x_wconf 92' lang='lat' dir='ltr'><em>Nec</em></span> <span class='ocrx_word' id='word_1_215' title='bbox 1213 1752 1369 1796; x_wconf 69' lang='lat' dir='ltr'><em>sinyulos</em></span> <span class='ocrx_word' id='word_1_216' title='bbox 1397 1752 1458 1797; x_wconf 82' lang='lat' dir='ltr'><em>qui</em></span> <span class='ocrx_word' id='word_1_217' title='bbox 1481 1764 1553 1786; x_wconf 87' lang='lat' dir='ltr'><em>non</em></span> <span class='ocrx_word' id='word_1_218' title='bbox 1572 1764 1652 1787; x_wconf 81' lang='lat' dir='ltr'><em>con-</em></span> 
     </span>
     <span class='ocr_line' id='line_1_56' title="bbox 1098 1810 1651 1848; baseline 0.005 -7"><span class='ocrx_word' id='word_1_219' title='bbox 1098 1814 1288 1848; x_wconf 77' lang='lat' dir='ltr'><em>senserunt,</em></span> <span class='ocrx_word' id='word_1_220' title='bbox 1319 1810 1360 1843; x_wconf 88' lang='lat' dir='ltr'><em>ob</em></span> <span class='ocrx_word' id='word_1_221' title='bbox 1387 1810 1551 1844; x_wconf 80' lang='lat' dir='ltr'><em>delictum</em></span> <span class='ocrx_word' id='word_1_222' title='bbox 1569 1810 1651 1844; x_wconf 86' lang='lat' dir='ltr'><em>uni-</em></span> 
     </span>
     <span class='ocr_line' id='line_1_57' title="bbox 1099 1865 1286 1899; baseline 0.005 -1"><span class='ocrx_word' id='word_1_223' title='bbox 1099 1865 1286 1899; x_wconf 81' lang='lat' dir='ltr'><em>versitatis.</em></span> 
     </span>
    </p>

    <p class='ocr_par' dir='ltr' id='par_1_21' title="bbox 971 1921 1654 2024">
     <span class='ocr_line' id='line_1_58' title="bbox 971 1921 1654 1970; baseline 0.006 -16"><span class='ocrx_word' id='word_1_224' title='bbox 971 1921 1080 1955; x_wconf 91' lang='lat' dir='ltr'>XIX.</span> <span class='ocrx_word' id='word_1_225' title='bbox 1099 1921 1268 1957; x_wconf 82' lang='lat' dir='ltr'><em>IIaeredes</em></span> <span class='ocrx_word' id='word_1_226' title='bbox 1306 1924 1356 1957; x_wconf 88' lang='lat' dir='ltr'><em>ad</em></span> <span class='ocrx_word' id='word_1_227' title='bbox 1388 1935 1546 1970; x_wconf 82' lang='lat' dir='ltr'><em>poenam,</em></span> <span class='ocrx_word' id='word_1_228' title='bbox 1582 1936 1654 1970; x_wconf 81' lang='lat' dir='ltr'><em>qua</em></span> 
     </span>
     <span class='ocr_line' id='line_1_59' title="bbox 1095 1982 1654 2024; baseline 0.005 -11"><span class='ocrx_word' id='word_1_229' title='bbox 1095 1991 1204 2024; x_wconf 84' lang='lat' dir='ltr'><em>poena</em></span> <span class='ocrx_word' id='word_1_230' title='bbox 1219 1986 1277 2020; x_wconf 88' lang='lat' dir='ltr'><em>est,</em></span> <span class='ocrx_word' id='word_1_231' title='bbox 1292 1992 1364 2014; x_wconf 87' lang='lat' dir='ltr'><em>non</em></span> <span class='ocrx_word' id='word_1_232' title='bbox 1378 1982 1501 2015; x_wconf 83' lang='lat' dir='ltr'><em>teneri:</em></span> <span class='ocrx_word' id='word_1_233' title='bbox 1518 1987 1548 2016; x_wconf 90' lang='lat' dir='ltr'><em>et</em></span> <span class='ocrx_word' id='word_1_234' title='bbox 1561 1994 1626 2016; x_wconf 89' lang='lat' dir='ltr'><em>cur</em></span> <span class='ocrx_word' id='word_1_235' title='bbox 1636 1982 1654 2015; x_wconf 63' lang='lat'><strong><em>2</em></strong></span> 
     </span>
    </p>

    <p class='ocr_par' dir='ltr' id='par_1_22' title="bbox 985 2035 1654 2138">
     <span class='ocr_line' id='line_1_60' title="bbox 985 2035 1654 2083; baseline 0.003 -14"><span class='ocrx_word' id='word_1_236' title='bbox 985 2035 1076 2069; x_wconf 86' lang='lat' dir='ltr'>XX.</span> <span class='ocrx_word' id='word_1_237' title='bbox 1103 2036 1228 2070; x_wconf 86' lang='lat' dir='ltr'><em>Tencri</em></span> <span class='ocrx_word' id='word_1_238' title='bbox 1262 2042 1380 2071; x_wconf 82' lang='lat' dir='ltr'><em>tamen</em></span> <span class='ocrx_word' id='word_1_239' title='bbox 1413 2038 1444 2072; x_wconf 87' lang='lat' dir='ltr'><em>si</em></span> <span class='ocrx_word' id='word_1_240' title='bbox 1473 2050 1584 2083; x_wconf 83' lang='lat' dir='ltr'><em>poena</em></span> <span class='ocrx_word' id='word_1_241' title='bbox 1615 2039 1654 2072; x_wconf 91' lang='lat' dir='ltr'><em>in</em></span> 
     </span>
     <span class='ocr_line' id='line_1_61' title="bbox 1101 2093 1653 2138; baseline 0.004 -12"><span class='ocrx_word' id='word_1_242' title='bbox 1101 2093 1204 2126; x_wconf 84' lang='lat' dir='ltr'><em>aliud</em></span> <span class='ocrx_word' id='word_1_243' title='bbox 1217 2093 1321 2127; x_wconf 82' lang='lat' dir='ltr'><em>debiti</em></span> <span class='ocrx_word' id='word_1_244' title='bbox 1334 2105 1443 2138; x_wconf 78' lang='lat' dir='ltr'><em>yenus</em></span> <span class='ocrx_word' id='word_1_245' title='bbox 1460 2096 1653 2129; x_wconf 84' lang='lat' dir='ltr'><em>transierit.</em></span> 
     </span>
    </p>
   </div>
   <div class='ocr_carea' id='block_1_6' title="bbox 196 2189 1656 2312">
    <p class='ocr_par' dir='ltr' id='par_1_23' title="bbox 196 2189 1656 2312">
     <span class='ocr_line' id='line_1_62' title="bbox 196 2189 1656 2246; baseline 0.002 -14"><span class='ocrx_word' id='word_1_246' title='bbox 196 2192 229 2232; x_wconf 92' lang='grc' dir='ltr'><em>Ι.</em></span> <span class='ocrx_word' id='word_1_247' title='bbox 292 2192 316 2231; x_wconf 96' lang='grc'>1</span> <span class='ocrx_word' id='word_1_248' title='bbox 454 2191 667 2233; x_wconf 87' lang='lat' dir='ltr'>UOTIES</span> <span class='ocrx_word' id='word_1_249' title='bbox 701 2190 752 2231; x_wconf 89' lang='lat' dir='ltr'><em>de</em></span> <span class='ocrx_word' id='word_1_250' title='bbox 787 2203 908 2245; x_wconf 84' lang='lat' dir='ltr'><em>poena</em></span> <span class='ocrx_word' id='word_1_251' title='bbox 941 2189 1275 2232; x_wconf 83' lang='lat' dir='ltr'><em>communicanda.</em></span> <span class='ocrx_word' id='word_1_252' title='bbox 1308 2191 1544 2246; x_wconf 80' lang='lat' dir='ltr'><em>quaeritu1·¹‚</em></span> <span class='ocrx_word' id='word_1_253' title='bbox 1581 2200 1656 2236; x_wconf 82' lang='lat' dir='ltr'><em>aut</em></span> 
     </span>
     <span class='ocr_line' id='line_1_63' title="bbox 484 2254 1655 2312; baseline 0.003 -14"><span class='ocrx_word' id='word_1_254' title='bbox 484 2257 535 2298; x_wconf 88' lang='lat' dir='ltr'><em>de</em></span> <span class='ocrx_word' id='word_1_255' title='bbox 558 2256 606 2297; x_wconf 85' lang='lat' dir='ltr'><em>iis</em></span> <span class='ocrx_word' id='word_1_256' title='bbox 629 2255 828 2311; x_wconf 78' lang='lat' dir='ltr'><em>quaeritur</em></span> <span class='ocrx_word' id='word_1_257' title='bbox 849 2254 945 2310; x_wconf 74' lang='lat' dir='ltr'><em>aqui</em></span> <span class='ocrx_word' id='word_1_258' title='bbox 969 2255 1106 2297; x_wconf 82' lang='lat' dir='ltr'><em>delicti</em></span> <span class='ocrx_word' id='word_1_259' title='bbox 1129 2262 1224 2298; x_wconf 87' lang='lat' dir='ltr'><em>sunt</em></span> <span class='ocrx_word' id='word_1_260' title='bbox 1247 2256 1482 2312; x_wconf 80' lang='lat' dir='ltr'><em>participes,</em></span> <span class='ocrx_word' id='word_1_261' title='bbox 1507 2263 1580 2300; x_wconf 84' lang='lat' dir='ltr'><em>aut</em></span> <span class='ocrx_word' id='word_1_262' title='bbox 1602 2259 1655 2301; x_wconf 88' lang='lat' dir='ltr'><em>de</em></span> 
     </span>
    </p>
   </div>
   <div class='ocr_carea' id='block_1_7' title="bbox 196 2321 296 2363">
    <p class='ocr_par' dir='ltr' id='par_1_24' title="bbox 196 2321 296 2363">
     <span class='ocr_line' id='line_1_64' title="bbox 196 2321 296 2363; baseline 0 -1"><span class='ocrx_word' id='word_1_263' title='bbox 196 2321 296 2363; x_wconf 85' lang='lat' dir='ltr'><em>aliis.</em></span> 
     </span>
    </p>
   </div>
   <div class='ocr_carea' id='block_1_8' title="bbox 195 2437 897 2626">
    <p class='ocr_par' dir='ltr' id='par_1_25' title="bbox 195 2437 897 2577">
     <span class='ocr_line' id='line_1_65' title="bbox 258 2437 897 2474; baseline -0.002 -6"><span class='ocrx_word' id='word_1_264' title='bbox 258 2438 266 2456; x_wconf 86' lang='lat'>¹</span> <span class='ocrx_word' id='word_1_265' title='bbox 291 2438 410 2468; x_wconf 86' lang='lat' dir='ltr'><em>Confer</em></span> <span class='ocrx_word' id='word_1_266' title='bbox 430 2438 499 2467; x_wconf 87' lang='lat' dir='ltr'><em>heic</em></span> <span class='ocrx_word' id='word_1_267' title='bbox 523 2438 814 2474; x_wconf 66' lang='lat' dir='ltr'><em>Purrmnonrum,</em></span> <span class='ocrx_word' id='word_1_268' title='bbox 842 2437 897 2467; x_wconf 80' lang='lat' dir='ltr'><em>De</em></span> 
     </span>
     <span class='ocr_line' id='line_1_66' title="bbox 195 2487 892 2526; baseline -0.001 -8"><span class='ocrx_word' id='word_1_269' title='bbox 195 2488 278 2518; x_wconf 82' lang='lat' dir='ltr'><em>Jure</em></span> <span class='ocrx_word' id='word_1_270' title='bbox 291 2487 369 2517; x_wconf 83' lang='lat' dir='ltr'><em>Nat.</em></span> <span class='ocrx_word' id='word_1_271' title='bbox 387 2491 416 2517; x_wconf 85' lang='lat' dir='ltr'><em>et</em></span> <span class='ocrx_word' id='word_1_272' title='bbox 432 2487 522 2518; x_wconf 86' lang='lat' dir='ltr'><em>Gent.</em></span> <span class='ocrx_word' id='word_1_273' title='bbox 538 2488 609 2517; x_wconf 86' lang='lat' dir='ltr'><em>Lib.</em></span> <span class='ocrx_word' id='word_1_274' title='bbox 624 2497 698 2518; x_wconf 85' lang='lat' dir='ltr'>v111.</span> <span class='ocrx_word' id='word_1_275' title='bbox 712 2497 740 2517; x_wconf 91' lang='lat' dir='ltr'><em>c.</em></span> <span class='ocrx_word' id='word_1_276' title='bbox 752 2488 794 2517; x_wconf 83' lang='lat' dir='ltr'><em>iii.</em></span> <span class='ocrx_word' id='word_1_277' title='bbox 810 2487 828 2526; x_wconf 64' lang='grc' dir='ltr'>ξ</span> <span class='ocrx_word' id='word_1_278' title='bbox 845 2489 892 2517; x_wconf 86' lang='grc'><em>28.</em></span> 
     </span>
     <span class='ocr_line' id='line_1_67' title="bbox 196 2538 748 2577; baseline 0.002 -9"><span class='ocrx_word' id='word_1_279' title='bbox 196 2543 224 2568; x_wconf 82' lang='lat' dir='ltr'><em>et</em></span> <span class='ocrx_word' id='word_1_280' title='bbox 238 2549 320 2577; x_wconf 76' lang='lat' dir='ltr'><em>seqq.</em></span> <span class='ocrx_word' id='word_1_281' title='bbox 335 2548 372 2568; x_wconf 89' lang='lat' dir='ltr'><em>ac</em></span> <span class='ocrx_word' id='word_1_282' title='bbox 387 2548 456 2577; x_wconf 86' lang='lat' dir='ltr'><em>cap.</em></span> <span class='ocrx_word' id='word_1_283' title='bbox 473 2539 512 2568; x_wconf 81' lang='lat' dir='ltr'><em>vi.</em></span> <span class='ocrx_word' id='word_1_284' title='bbox 529 2538 547 2577; x_wconf 67' lang='grc' dir='ltr'>ξ</span> <span class='ocrx_word' id='word_1_285' title='bbox 566 2540 615 2568; x_wconf 86' lang='grc'><em>12.</em></span> <span class='ocrx_word' id='word_1_286' title='bbox 655 2538 690 2568; x_wconf 88' lang='lat' dir='ltr'><em>J.</em></span> <span class='ocrx_word' id='word_1_287' title='bbox 706 2539 748 2569; x_wconf 90' lang='lat' dir='ltr'>B.</span> 
     </span>
    </p>

    <p class='ocr_par' dir='ltr' id='par_1_26' title="bbox 256 2587 895 2626">
     <span class='ocr_line' id='line_1_68' title="bbox 256 2587 895 2626; baseline 0 -9"><span class='ocrx_word' id='word_1_288' title='bbox 256 2593 269 2608; x_wconf 60' lang='grc' dir='ltr'><strong>ὃ</strong></span> <span class='ocrx_word' id='word_1_289' title='bbox 293 2589 356 2626; x_wconf 79' lang='lat' dir='ltr'><em>Qui</em></span> <span class='ocrx_word' id='word_1_290' title='bbox 382 2588 486 2618; x_wconf 82' lang='lat' dir='ltr'><em>delicti</em></span> <span class='ocrx_word' id='word_1_291' title='bbox 512 2592 582 2618; x_wconf 78' lang='lat' dir='ltr'><em>sunt</em></span> <span class='ocrx_word' id='word_1_292' title='bbox 603 2587 790 2626; x_wconf 79' lang='lat' dir='ltr'><em>participes]</em></span> <span class='ocrx_word' id='word_1_293' title='bbox 816 2588 895 2617; x_wconf 81' lang='lat' dir='ltr'><em>Ter-</em></span> 
     </span>
    </p>
   </div>
   <div class='ocr_carea' id='block_1_9' title="bbox 392 2748 704 2785">
    <p class='ocr_par' dir='ltr' id='par_1_27' title="bbox 392 2748 704 2785">
     <span class='ocr_line' id='line_1_69' title="bbox 392 2748 704 2785; baseline 0.006 -2"><span class='ocrx_word' id='word_1_294' title='bbox 392 2748 573 2784; x_wconf 73' lang='lat' dir='ltr'><em>CnAP‘rER</em></span> <span class='ocrx_word' id='word_1_295' title='bbox 594 2750 704 2785; x_wconf 88' lang='lat' dir='ltr'>XXI.</span> 
     </span>
    </p>
   </div>
   <div class='ocr_carea' id='block_1_10' title="bbox 369 2320 1655 2378">
    <p class='ocr_par' dir='ltr' id='par_1_28' title="bbox 369 2320 1655 2378">
     <span class='ocr_line' id='line_1_70' title="bbox 369 2320 1655 2378; baseline 0.003 -16"><span class='ocrx_word' id='word_1_296' title='bbox 369 2321 450 2371; x_wconf 86' lang='lat' dir='ltr'><em>Qui</em></span> <span class='ocrx_word' id='word_1_297' title='bbox 474 2321 610 2363; x_wconf 83' lang='lat' dir='ltr'><em>delicti</em></span> <span class='ocrx_word' id='word_1_298' title='bbox 640 2320 872 2377; x_wconf 79' lang='lat' dir='ltr'><em>participeS,</em></span> <span class='ocrx_word' id='word_1_299' title='bbox 903 2335 986 2362; x_wconf 92' lang='lat' dir='ltr'><em>non</em></span> <span class='ocrx_word' id='word_1_300' title='bbox 1016 2327 1101 2363; x_wconf 81' lang='lat' dir='ltr'><em>tam</em></span> <span class='ocrx_word' id='word_1_301' title='bbox 1125 2336 1177 2363; x_wconf 81' lang='lat' dir='ltr'><em>ex</em></span> <span class='ocrx_word' id='word_1_302' title='bbox 1204 2322 1335 2364; x_wconf 83' lang='lat' dir='ltr'><em>alieno</em></span> <span class='ocrx_word' id='word_1_303' title='bbox 1359 2337 1482 2378; x_wconf 86' lang='lat' dir='ltr'><em>quam</em></span> <span class='ocrx_word' id='word_1_304' title='bbox 1506 2338 1558 2365; x_wconf 82' lang='lat' dir='ltr'><em>ex</em></span> <span class='ocrx_word' id='word_1_305' title='bbox 1581 2339 1655 2366; x_wconf 88' lang='lat' dir='ltr'><em>suo</em></span> 
     </span>
    </p>
   </div>
   <div class='ocr_carea' id='block_1_11' title="bbox 958 2438 1658 2629">
    <p class='ocr_par' dir='ltr' id='par_1_29' title="bbox 958 2438 1658 2629">
     <span class='ocr_line' id='line_1_71' title="bbox 959 2438 1657 2471; baseline 0.007 -5"><span class='ocrx_word' id='word_1_306' title='bbox 959 2438 1109 2467; x_wconf 82' lang='lat' dir='ltr'><em>tullianus</em></span> <span class='ocrx_word' id='word_1_307' title='bbox 1118 2438 1155 2467; x_wconf 83' lang='lat' dir='ltr'><em>de</em></span> <span class='ocrx_word' id='word_1_308' title='bbox 1167 2438 1403 2469; x_wconf 82' lang='lat' dir='ltr'><em>Resurrectione</em></span> <span class='ocrx_word' id='word_1_309' title='bbox 1415 2439 1544 2470; x_wconf 83' lang='lat' dir='ltr'><em>Carnis:</em></span> <span class='ocrx_word' id='word_1_310' title='bbox 1556 2441 1657 2471; x_wconf 76' lang='lat' dir='ltr'><em>dicent</em></span> 
     </span>
     <span class='ocr_line' id='line_1_72' title="bbox 958 2489 1657 2521; baseline 0.007 -5"><span class='ocrx_word' id='word_1_311' title='bbox 958 2489 1036 2517; x_wconf 82' lang='lat' dir='ltr'><em>enim</em></span> <span class='ocrx_word' id='word_1_312' title='bbox 1051 2489 1207 2517; x_wconf 83' lang='lat' dir='ltr'><em>ministros</em></span> <span class='ocrx_word' id='word_1_313' title='bbox 1219 2493 1246 2518; x_wconf 87' lang='lat' dir='ltr'><em>et</em></span> <span class='ocrx_word' id='word_1_314' title='bbox 1260 2490 1359 2519; x_wconf 85' lang='lat' dir='ltr'><em>socios</em></span> <span class='ocrx_word' id='word_1_315' title='bbox 1369 2490 1480 2520; x_wconf 81' lang='lat' dir='ltr'><em>habere</em></span> <span class='ocrx_word' id='word_1_316' title='bbox 1489 2491 1657 2521; x_wconf 84' lang='lat' dir='ltr'><em>arbitrium</em></span> 
     </span>
     <span class='ocr_line' id='line_1_73' title="bbox 958 2538 1655 2579; baseline 0.006 -13"><span class='ocrx_word' id='word_1_317' title='bbox 958 2538 1158 2567; x_wconf 85' lang='lat' dir='ltr'><em>ministrandi</em></span> <span class='ocrx_word' id='word_1_318' title='bbox 1180 2541 1272 2576; x_wconf 78' lang='lat' dir='ltr'><em>atque</em></span> <span class='ocrx_word' id='word_1_319' title='bbox 1297 2540 1448 2576; x_wconf 83' lang='lat' dir='ltr'><em>sociandi,</em></span> <span class='ocrx_word' id='word_1_320' title='bbox 1473 2544 1501 2569; x_wconf 78' lang='lat' dir='ltr'><em>et</em></span> <span class='ocrx_word' id='word_1_321' title='bbox 1516 2545 1655 2579; x_wconf 84' lang='lat' dir='ltr'><em>potesta-</em></span> 
     </span>
     <span class='ocr_line' id='line_1_74' title="bbox 959 2588 1658 2629; baseline 0.006 -13"><span class='ocrx_word' id='word_1_322' title='bbox 959 2590 1016 2616; x_wconf 81' lang='lat' dir='ltr'><em>tem</em></span> <span class='ocrx_word' id='word_1_323' title='bbox 1028 2596 1092 2616; x_wconf 82' lang='lat' dir='ltr'><em>suoe</em></span> <span class='ocrx_word' id='word_1_324' title='bbox 1106 2588 1273 2617; x_wconf 78' lang='lat' dir='ltr'><em>voluntatis</em></span> <span class='ocrx_word' id='word_1_325' title='bbox 1286 2589 1319 2617; x_wconf 87' lang='lat' dir='ltr'><em>in</em></span> <span class='ocrx_word' id='word_1_326' title='bbox 1335 2593 1506 2629; x_wconf 82' lang='lat' dir='ltr'><em>utrumque,</em></span> <span class='ocrx_word' id='word_1_327' title='bbox 1523 2591 1658 2620; x_wconf 80' lang='lat' dir='ltr'><em>homines</em></span> 
     </span>
    </p>
   </div>
   <div class='ocr_carea' id='block_1_12' title="bbox 759 2751 1458 2800">
    <p class='ocr_par' dir='ltr' id='par_1_30' title="bbox 759 2751 1458 2800">
     <span class='ocr_line' id='line_1_75' title="bbox 759 2751 1458 2800; baseline 0.001 -14"><span class='ocrx_word' id='word_1_328' title='bbox 759 2751 816 2799; x_wconf 84' lang='lat' dir='ltr'><em>Of</em></span> <span class='ocrx_word' id='word_1_329' title='bbox 834 2752 886 2786; x_wconf 76' lang='lat' dir='ltr'><em>the</em></span> <span class='ocrx_word' id='word_1_330' title='bbox 910 2751 1145 2786; x_wconf 83' lang='lat' dir='ltr'><em>Punishment</em></span> <span class='ocrx_word' id='word_1_331' title='bbox 1169 2753 1214 2800; x_wconf 90' lang='lat' dir='ltr'><em>of</em></span> <span class='ocrx_word' id='word_1_332' title='bbox 1231 2751 1458 2787; x_wconf 82' lang='lat' dir='ltr'><em>Accessaries.</em></span> 
     </span>
    </p>
   </div>
   <div class='ocr_carea' id='block_1_13' title="bbox 197 2828 1657 2934">
    <p class='ocr_par' dir='ltr' id='par_1_31' title="bbox 197 2828 1657 2934">
     <span class='ocr_line' id='line_1_76' title="bbox 266 2828 1656 2877; baseline 0.002 -14"><span class='ocrx_word' id='word_1_333' title='bbox 266 2829 296 2863; x_wconf 92' lang='grc' dir='ltr'><em>Ι.</em></span> <span class='ocrx_word' id='word_1_334' title='bbox 351 2832 367 2862; x_wconf 95' lang='grc'>1</span> <span class='ocrx_word' id='word_1_335' title='bbox 399 2828 522 2863; x_wconf 88' lang='lat' dir='ltr'><em>When</em></span> <span class='ocrx_word' id='word_1_336' title='bbox 541 2840 594 2863; x_wconf 85' lang='lat' dir='ltr'><em>we</em></span> <span class='ocrx_word' id='word_1_337' title='bbox 615 2829 730 2875; x_wconf 81' lang='lat' dir='ltr'><em>speak</em></span> <span class='ocrx_word' id='word_1_338' title='bbox 757 2829 800 2864; x_wconf 85' lang='lat' dir='ltr'><em>of</em></span> <span class='ocrx_word' id='word_1_339' title='bbox 827 2829 891 2864; x_wconf 85' lang='lat' dir='ltr'><em>the</em></span> <span class='ocrx_word' id='word_1_340' title='bbox 912 2830 1104 2865; x_wconf 83' lang='lat' dir='ltr'><em>extension</em></span> <span class='ocrx_word' id='word_1_341' title='bbox 1129 2830 1172 2865; x_wconf 88' lang='lat' dir='ltr'><em>of</em></span> <span class='ocrx_word' id='word_1_342' title='bbox 1196 2830 1437 2877; x_wconf 77' lang='lat' dir='ltr'><em>punishment</em></span> <span class='ocrx_word' id='word_1_343' title='bbox 1462 2829 1560 2865; x_wconf 88' lang='lat' dir='ltr'><em>from</em></span> <span class='ocrx_word' id='word_1_344' title='bbox 1585 2842 1656 2866; x_wconf 82' lang='lat' dir='ltr'><em>one</em></span> 
     </span>
     <span class='ocr_line' id='line_1_77' title="bbox 197 2885 1657 2934; baseline 0.001 -14"><span class='ocrx_word' id='word_1_345' title='bbox 197 2897 331 2932; x_wconf 85' lang='lat' dir='ltr'><em>person</em></span> <span class='ocrx_word' id='word_1_346' title='bbox 352 2890 391 2920; x_wconf 87' lang='lat' dir='ltr'><em>to</em></span> <span class='ocrx_word' id='word_1_347' title='bbox 413 2885 549 2927; x_wconf 73' lang='lat' dir='ltr'><em>others,</em></span> <span class='ocrx_word' id='word_1_348' title='bbox 568 2897 621 2921; x_wconf 83' lang='lat' dir='ltr'><em>we</em></span> <span class='ocrx_word' id='word_1_349' title='bbox 641 2886 755 2932; x_wconf 79' lang='lat' dir='ltr'><em>speak</em></span> <span class='ocrx_word' id='word_1_350' title='bbox 775 2886 896 2922; x_wconf 84' lang='lat' dir='ltr'><em>either</em></span> <span class='ocrx_word' id='word_1_351' title='bbox 925 2887 968 2922; x_wconf 88' lang='lat' dir='ltr'><em>of</em></span> <span class='ocrx_word' id='word_1_352' title='bbox 992 2887 1097 2922; x_wconf 85' lang='lat' dir='ltr'><em>those</em></span> <span class='ocrx_word' id='word_1_353' title='bbox 1118 2887 1199 2923; x_wconf 85' lang='lat' dir='ltr'><em>who</em></span> <span class='ocrx_word' id='word_1_354' title='bbox 1228 2899 1291 2923; x_wconf 83' lang='lat' dir='ltr'><em>aro</em></span> <span class='ocrx_word' id='word_1_355' title='bbox 1319 2887 1513 2934; x_wconf 82' lang='lat' dir='ltr'><em>partakers</em></span> <span class='ocrx_word' id='word_1_356' title='bbox 1533 2888 1572 2923; x_wconf 89' lang='lat' dir='ltr'><em>in</em></span> <span class='ocrx_word' id='word_1_357' title='bbox 1592 2888 1657 2922; x_wconf 85' lang='lat' dir='ltr'><em>the</em></span> 
     </span>
    </p>
   </div>
   <div class='ocr_carea' id='block_1_14' title="bbox 1376 2955 1525 2995">
    <p class='ocr_par' dir='ltr' id='par_1_32' title="bbox 1376 2955 1525 2995">
     <span class='ocr_line' id='line_1_78' title="bbox 1376 2955 1525 2995; baseline 0 -1"><span class='ocrx_word' id='word_1_358' title='bbox 1376 2955 1525 2995; x_wconf 65' lang='lat' dir='ltr'>22—ss</span> 
     </span>
    </p>
   </div>
  </div>
 </body>
</html>
