2018 3204
199 149 432 196 CARXXIJ
484 153 551 187 DE
582 153 852 188 POENARUM
884 153 1362 190 COMMUNICATIONE.
1572 152 1650 191 ΒΗ

198 274 288 301 cum
329 260 564 304 dissuadere
607 262 808 304 debeant:
846 262 915 318 qui
953 263 1106 305 factum
1145 263 1319 306 reticent
1359 264 1468 320 quod
1509 270 1651 307 notum

197 325 334 368 facere
358 341 409 368 ex
426 327 521 382 jure
550 328 685 383 aliquo
716 328 985 378 tenebantur3
1022 329 1064 370 hi
1093 344 1231 371 omnes
1253 330 1386 385 puniri
1411 336 1591 386 possunt,
1618 330 1651 372 si

198 390 240 432 in
263 391 360 447 ipsis
381 392 472 434 talis
495 393 548 434 sit
571 393 723 434 malitia
747 408 837 448 quae
858 394 911 435 ad
934 394 1123 437 meritum
1147 410 1278 452 poenae
1301 396 1483 448 sufficiat,
1509 411 1650 438 seeun-

198 457 295 498 dum
319 472 368 499 ea
392 472 483 513 quae
506 458 690 513 proxime
713 464 891 500 tractata
913 465 1018 501 sunt.

297 523 352 563 II.
418 525 441 564 1
490 523 698 578 Exemplis
726 538 793 565 res
826 524 897 566 fiet
930 525 1136 568 illustrior.
1202 527 1479 570 communitas
1500 527 1650 569 utalia

196 587 255 630 ita
278 593 319 629 et
343 587 470 629 civilis
491 603 573 630 non
604 594 769 631 tenetur
800 604 851 631 ex
879 589 986 632 facto
1019 591 1283 649 singulorum,
1316 595 1402 636 sine
1429 594 1537 635 facto
1562 608 1647 642 suo,

195 658 268 695 aut
302 652 539 696 omissione:
574 654 677 696 bene
714 654 820 696 enim
859 656 1136 713 Augustinus3
1179 660 1306 701 aliud
1350 668 1410 702 est
1452 661 1565 712 quod
1603 661 1649 700 in
1667 675 1702 698 ιη
1716 675 1812 728 '‘wig-3

187 720 349 774 populo
379 721 554 775 quisque
580 721 705 762 habet
727 729 954 776 peccatum
977 726 1222 779 proprium,
1248 726 1376 766 aliud
1401 726 1514 779 quod
1543 739 1650 766 com-
1668 706 1767 735 φηςι
1812 722 1818 728 ’

195 799 332 833 mune,
372 787 488 840 quod
524 801 606 828 uno
642 788 787 828 animo
815 788 884 839 fit,
926 796 965 829 et
1005 803 1094 830 una
1126 791 1343 832 voluntate
1380 791 1440 830 ad
1477 790 1651 844 aliquid

194 851 470 893 multitudine
499 860 753 906 comparata
781 854 1070 895 committitur.
1135 855 1244 896 Hinc
1266 855 1308 896 in
1339 854 1515 896 formula
1538 854 1650 895 sedc-

194 930 286 957 rum
310 922 397 958 est:
432 912 519 958 hSi
552 918 714 971 defeoeit
741 919 917 973 publico
951 921 1140 963 consilio.
1206 919 1326 961 Locri
1355 920 1465 975 apud
1489 919 1649 961 Livium
1667 933 1726 957 Lib.
1739 933 1867 960 xxixna

195 981 415 1024 ostendunt
437 982 596 1024 senatui
619 983 805 1024 Romano
829 983 988 1040 culpam
1012 984 1251 1026 defectionis
1274 985 1416 1041 procul
1439 1000 1464 1026 a
1484 985 1650 1027 consilio

193 1099 256 1127 τοῦ
281 1099 558 1136 πλημμελοῦντος
585 1099 602 1128 ὁ
629 1099 691 1135 τήν
722 1099 889 1136 ἁμαρτίαν

193 1147 336 1177 ἐπαινῶν
359 1147 611 1186 χαλεπώτερος·
630 1147 723 1186 pejor
740 1152 888 1186 peccante

192 1197 248 1235 qni
264 1200 426 1235 peccatum
447 1197 569 1227 laudat.
611 1197 719 1235 (Tom.
737 1206 788 1226 111.
813 1207 886 1236 pag.

190 1247 259 1285 28.)
291 1246 576 1282 Quifacinorosum
591 1248 719 1276 adstans
733 1248 888 1283 hortatur,

191 1306 250 1335 pro
260 1297 395 1326 faciente
410 1297 544 1326 habetur
556 1297 628 1335 lege
638 1297 887 1335 Langobardiea‚

191 1346 261 1376 Lib.
278 1355 300 1375 1.
319 1347 369 1375 tit.
387 1347 430 1375 ix.
450 1346 468 1384 ἓ
483 1348 531 1376 25.
573 1346 655 1375 Vide
670 1356 739 1384 quae
759 1356 797 1375 ex
811 1346 887 1374 Phi-

190 1396 264 1426 lone
297 1399 330 1426 et
357 1397 498 1434 Josepho
526 1405 600 1425 mox
624 1396 821 1434 proferemus
846 1395 886 1424 ad

190 1447 209 1486 ξ
232 1447 279 1477 17.

247 1503 263 1525 g
284 1496 357 1526 Non
378 1494 494 1534 vetant]
522 1495 764 1534 Chrysostomus
785 1504 807 1524 1.
829 1495 887 1524 ad-

190 1556 296 1577 versus
315 1546 463 1576 Juclaos:
496 1546 605 1582 (Tom.
629 1554 674 1574 Π.
704 1555 777 1583 pag.
799 1545 886 1582 319.)

189 1597 303 1635 ὥσπερ
331 1597 385 1625 οὖν
409 1597 471 1633 οὐχ
491 1595 521 1624 οἱ
549 1594 755 1624 κλέπτοντες
781 1595 886 1631 μόνον,

189 1646 280 1676 dmm*
302 1646 355 1675 καὶ
370 1646 400 1674 οἱ
416 1646 520 1684 κύριοι
541 1645 599 1682 μὲν
618 1644 710 1673 ὄντες
730 1644 887 1680 κωλῦσαι,

188 1696 233 1732 μή
263 1696 446 1724 κωλύοντες
473 1695 505 1723 δὲ
533 1694 596 1728 τήν
625 1693 726 1728 αὐτὴν
753 1694 887 1723 ἐκείνοις

189 1745 315 1774 ὂιόόασι
330 1745 428 1778 δίκην·
449 1744 494 1773 sic
513 1753 573 1772 non
594 1743 618 1771 ii
638 1743 726 1771 modo
742 1743 886 1781 quifur-

189 1795 372 1833 tumfecere,
386 1793 440 1822 secl
452 1797 479 1822 et
490 1792 544 1831 qui
554 1792 720 1831 prohibere
733 1802 800 1821 cum
808 1802 885 1830 pos-

188 1846 252 1873 sent
261 1853 319 1872 non
326 1843 523 1880 prohibuere,
533 1842 715 1879 puniuntur,
727 1841 886 1879 etquidem

186 1893 263 1930 pari
278 1896 402 1930 uterque
419 1900 521 1929 poena.
564 1891 614 1919 Sic
629 1900 700 1919 eum
715 1891 768 1928 qui
783 1891 886 1919 sanari

189 1945 343 1980 aegrotum
368 1941 522 1979 prohibet,
545 1939 645 1969 teneri
668 1939 757 1977 quasi
776 1940 885 1969 vulne-

187 1994 296 2027 rasset,
310 1991 354 2019 ait
365 1991 446 2019 idem
458 1990 700 2027 chrysostomus
712 1998 747 2018 ιι.
757 1990 797 2018 ad
809 1990 884 2021 Cor.

1013 1101 1028 1122 ἲ·
1051 1101 1089 1131 Si
1108 1103 1224 1140 defluit
1235 1103 1363 1141 publico
1384 1102 1528 1141 consilio]
1552 1103 1652 1142 Chry-

955 1154 1111 1180 sostomus
1133 1153 1170 1181 de
1192 1153 1315 1182 Statuis
1335 1162 1389 1184 111.
1411 1153 1466 1182 ὅτι
1485 1154 1520 1182 οὐ
1545 1155 1652 1183 κοινὸν

954 1202 1015 1235 τῆς
1030 1200 1161 1230 πόλεως
1174 1202 1215 1230 τὸ
1230 1201 1410 1240 ἁμάρτημα
1425 1202 1576 1240 γέγονεν,
1590 1203 1651 1232 α’λ-

955 1249 1000 1278 λα’
1019 1249 1197 1287 ἀνθρώπων
1218 1252 1319 1280 τινῶν
1337 1251 1437 1290 ξένων
1455 1252 1508 1280 καὶ
1530 1252 1653 1286 ἐπηλύ-

955 1297 1028 1336 ὂων,
1050 1299 1139 1328 οὐδὲν
1154 1300 1307 1338 λογισμῷ
1322 1301 1517 1336 ποιούντων,
1536 1300 1555 1335 ἦ
1570 1300 1651 1329 τόλ-

954 1358 998 1384 μῃ
1022 1347 1075 1376 καὶ
1099 1349 1289 1385 παρανομία
1314 1347 1420 1385 πάσῃ.
1450 1347 1502 1376 καὶ
1531 1349 1587 1377 οὐκ
1610 1348 1651 1378 (ἲν

956 1394 1003 1429 εἴη
1025 1396 1151 1425 δίκαιον
1170 1397 1251 1433 ὑπὲρ
1271 1398 1331 1431 τῆς
1352 1397 1478 1435 ὀλίγων
1494 1397 1651 1427 α’παιὸευ-

956 1445 1029 1473 σίας
1055 1445 1159 1474 πόλιν
1190 1446 1360 1480 τοσαύτην
1392 1446 1645 1484 α’ναρπάζεσθαι.

955 1493 1099 1522 καὶτοὺς
1111 1494 1200 1522 οὐδὲν
1211 1494 1405 1529 ἠδικηκότας
1418 1495 1539 1524 διδόναι
1551 1497 1651 1531 δίκην.

954 1542 1028 1571 Non
1052 1553 1204 1573 commune
1216 1544 1322 1582 fuisse
1343 1545 1486 1574 delictum
1505 1546 1652 1583 civitatis,

953 1592 1008 1621 sed
1020 1596 1236 1622 extraneorum
1246 1597 1275 1622 et
1285 1594 1483 1631 advenarum,
1493 1596 1548 1633 qui
1561 1605 1652 1625 cunc·

954 1645 988 1671 ta
1003 1643 1171 1671 temeritate
1185 1652 1223 1671 ac
1238 1644 1336 1681 layum
1351 1644 1532 1682 issuorantz'a
1544 1646 1653 1683 potius

954 1702 1047 1730 quam
1056 1693 1177 1721 ratione
1175 1693 1335 1731 facerent:
1344 1703 1438 1731 neque
1446 1704 1516 1723 vcro
1526 1705 1652 1733 oequum,

954 1745 987 1770 ut
1004 1742 1041 1770 ob
1058 1751 1234 1779 paucorum
1256 1743 1444 1779 imperitiam
1468 1747 1557 1773 tanta
1578 1744 1653 1774 urbs

953 1795 1138 1820 everteretur
1157 1795 1183 1820 et
1200 1801 1324 1829 poenam
1336 1793 1463 1830 ferrent
1481 1793 1580 1832 culpoe
1597 1805 1650 1823 ez·-

953 1845 1060 1870 sortes.
1105 1841 1214 1878 (Tom.
1232 1850 1278 1870 vl.
1294 1851 1367 1880 pag.
1379 1842 1465 1879 473.)
1507 1844 1650 1874 Ammia-

954 1899 1012 1918 nus
1039 1890 1120 1918 libro
1145 1899 1236 1919 xxx.
1265 1890 1302 1919 de
1333 1890 1474 1928 Quadis:
1506 1892 1588 1921 nihil
1613 1903 1651 1922 ez-

954 1939 1104 1968 communz‘
1114 1943 1208 1968 mente
1216 1949 1382 1977 procerum
1395 1941 1493 1978 qentz's
1507 1940 1651 1972 delictum

953 1993 1162 2019 asseverantes
1176 1990 1208 2019 in
1223 1993 1354 2020 nostros.
1397 1992 1495 2029 (Cap.
1513 1991 1563 2030 6.)

187 2049 215 2070 c.
230 2041 282 2071 vii.
324 2040 435 2078 (Tum.
454 2048 505 2069 111.
521 2049 552 2077 p.
564 2038 651 2076 627.)

188 2204 239 2251 by
259 2204 356 2239 their
376 2204 514 2250 special
534 2204 650 2249 rights
672 2208 710 2238 to
731 2203 854 2237 forbid
876 2204 916 2245 it,
938 2203 985 2238 do
1010 2207 1077 2237 not
1104 2203 1229 2237 forbid
1254 2204 1304 2244 it3
1330 2214 1372 2238 οι·
1391 2204 1503 2250 being
1522 2204 1648 2240 bound

189 2260 239 2307 by
259 2261 400 2295 similar
421 2260 537 2305 rights
558 2265 596 2294 to
617 2261 699 2305 give
721 2260 780 2293 aid
803 2264 841 2294 to
863 2260 926 2294 the
946 2270 1082 2306 person
1103 2259 1183 2294 who
1205 2260 1334 2295 suffers
1355 2272 1491 2306 wrong,
1513 2262 1560 2296 do
1582 2267 1648 2297 not

190 2318 238 2352 do
258 2328 320 2358 so;
350 2316 456 2351 those
480 2316 560 2350 who
582 2317 630 2350 do
651 2320 716 2350 not
734 2316 903 2351 dissuade
924 2316 1028 2350 when
1050 2316 1139 2362 they
1157 2317 1272 2362 ought
1293 2321 1331 2351 to
1353 2317 1545 2360 dissuad03
1565 2319 1647 2354 who

189 2374 284 2419 keep
306 2373 442 2407 silence
470 2373 557 2407 with
582 2373 714 2418 regard
739 2377 778 2406 to
803 2384 825 2406 a
847 2373 923 2407 fact
948 2373 1066 2407 which
1092 2373 1180 2418 they
1207 2385 1302 2408 were
1330 2373 1457 2408 bound
1477 2375 1526 2420 by
1546 2386 1647 2410 some

189 2430 289 2476 right
310 2434 348 2464 to
366 2430 473 2463 make
493 2430 648 2470 known3
673 2430 721 2463 all
743 2429 846 2464 these
867 2441 951 2475 may
968 2430 1014 2464 be
1030 2429 1225 2475 punished,
1243 2431 1276 2463 if
1292 2430 1397 2465 there
1417 2431 1464 2465 be
1485 2432 1530 2473 in,
1544 2431 1648 2466 them

190 2487 280 2522 such
298 2487 427 2520 malice
445 2497 483 2521 as
508 2487 648 2521 suffices
669 2486 728 2521 for
745 2486 854 2532 penal
872 2487 1005 2527 desert,
1022 2487 1219 2532 according
1239 2490 1278 2521 to
1296 2487 1393 2522 what
1410 2487 1476 2521 has
1497 2488 1648 2534 already

190 2544 285 2579 been
303 2543 393 2577 said.

263 2600 312 2634 II.
364 2604 380 2633 1
414 2599 494 2634 The
511 2598 617 2645 thing
637 2599 709 2632 will
730 2598 777 2633 be
794 2598 902 2634 made
921 2599 1061 2634 clearer
1085 2600 1134 2646 by
1156 2601 1336 2645 example.
1375 2601 1406 2634 A
1425 2601 1518 2635 Civil
1537 2601 1647 2636 Com-

190 2657 345 2702 munity,
375 2656 449 2690 like
473 2667 545 2701 any
568 2656 676 2690 other
703 2656 952 2702 Community,
978 2657 1008 2690 is
1035 2661 1101 2691 not
1127 2657 1252 2691 bound
1281 2657 1330 2702 by
1355 2657 1419 2691 the
1445 2662 1506 2692 act
1536 2658 1578 2692 of
1598 2669 1646 2693 an

190 2712 391 2748 individua]
411 2713 577 2746 member
593 2712 751 2753 thereos,
769 2712 923 2747 without
939 2723 1040 2747 some
1057 2718 1117 2746 aet
1135 2713 1177 2747 of
1190 2714 1235 2747 its
1253 2724 1345 2754 own,
1363 2724 1405 2747 or
1418 2725 1518 2749 some
1536 2716 1645 2750 omis-

190 2771 283 2805 sIon.
333 2769 539 2814 Augustino
559 2780 640 2814 says
658 2769 752 2809 well,
776 2769 882 2803 There
906 2770 935 2803 is
956 2781 978 2802 a
999 2770 1178 2814 different-e
1199 2771 1341 2804 between
1363 2772 1415 2805 the
1431 2771 1538 2816 fault
1558 2773 1645 2814 that,

190 2827 230 2861 in
258 2839 281 2861 a
303 2826 435 2872 people,
456 2827 534 2860 each
558 2837 688 2871 person
717 2826 779 2859 has
800 2826 844 2872 of
865 2826 917 2860 his
942 2838 1019 2860 own
1033 2839 1046 2864 ;
1078 2827 1152 2860 and
1176 2839 1200 2860 a
1219 2827 1327 2872 fault
1352 2839 1510 2863 common
1527 2834 1559 2863 to
1580 2829 1644 2870 all,

189 2884 299 2918 which
325 2883 353 2917 is
378 2883 574 2917 committed
593 2883 674 2916 with
695 2894 757 2917 one
781 2882 883 2916 mind
911 2883 987 2916 ancl
1005 2894 1067 2918 one
1086 2883 1171 2917 will.
1230 2883 1314 2918 And
1340 2885 1584 2933 accordingly,
1604 2886 1642 2920 in
