2018 3204
219 184 309 218 Car.
328 180 436 224 XX.]
807 182 874 216 DE
905 181 1084 216 POENIS.

1598 179 1677 218 283

220 292 316 345 quis
339 291 438 332 velit
455 305 620 345 paucos
643 291 822 339 utiliter,
845 305 928 331 ozon
950 291 1103 331 multos
1126 290 1341 331 inutiliter
1359 291 1529 345 punire.
1574 291 1679 333 Sunt

219 362 262 397 et
285 356 471 410 quaedam
494 370 576 396 non
606 356 795 397 humanae
817 355 1054 411 simpliciter
1079 360 1252 404 naturae,
1282 355 1355 396 sed
1386 355 1479 396 huic
1503 360 1545 397 et
1573 371 1679 398 nunc

219 420 478 469 inevitabilia,
515 422 593 462 yob
628 421 808 477 corporis
843 420 1138 462 concretionem
1172 420 1215 461 in
1249 420 1428 461 animum
1465 426 1679 463 transeun-

221 492 317 535 tem,
342 492 414 527 aut
438 486 620 528 adultam
644 486 988 536 consuetudinem,
1019 500 1111 542 quae
1134 491 1272 527 tamen
1302 486 1438 542 puniri
1467 486 1571 528 solet
1600 501 1680 528 non

221 557 305 592 tam
329 551 371 591 in
394 565 494 600 sese,
517 566 640 606 quam
664 551 739 592 zob
763 552 920 606 culpam
943 551 1257 606 praecedentem,
1283 551 1379 607 quia
1400 557 1472 594 aut
1495 552 1682 609 neglecta

221 620 317 657 sunt
339 616 533 665 remedia,
557 621 630 658 aut
653 616 761 657 ultro
786 616 951 658 attracti
974 616 1016 657 in
1038 616 1216 658 animum
1240 616 1383 658 morbi.

318 681 414 722 XX.
476 682 500 722 1
546 681 700 730 Tertio,
730 681 938 736 punienda
968 696 1050 723 non
1073 687 1168 724 sunt
1191 687 1372 738 peccata,
1399 696 1491 738 quae
1514 697 1588 725 nec
1622 683 1682 725 di-

221 751 333 787 recte
365 760 439 787 nec
469 745 667 788 indirecte
701 752 889 802 spectant
917 747 971 788 ad
1001 747 1237 789 societatem
1268 747 1501 796 humanam,
1534 755 1607 790 aut
1628 749 1683 790 ad

221 810 426 853 hominem
457 811 647 853 alterum.
720 811 843 853 Ratio
872 817 946 862 est,
982 811 1078 867 quia
1104 812 1216 853 nulla
1250 817 1311 853 est
1344 826 1465 854 causa
1496 827 1570 854 cur
1600 828 1683 855 non

222 876 322 929 talia
338 882 506 932 peccata
528 877 814 932 relinquantur
831 878 922 919 Deo
941 877 1157 933 punienda,
1183 877 1253 932 qui
1271 882 1313 918 et
1334 877 1388 918 ad
1407 891 1457 918 ea
1479 879 1683 920 noscenda

223 947 286 983 est
309 942 640 998 sapientissimuS,
678 949 720 985 et
742 943 796 984 ad
821 943 1089 998 expendenda
1112 941 1375 996 aequissimus,
1402 947 1444 984 et
1474 944 1529 985 ad
1552 943 1683 986 vindi-

223 1008 354 1049 canda
382 1008 698 1063 potentissimus.
761 1009 900 1058 Quare
923 1009 975 1049 ab
1004 1007 1234 1049 hominibus
1258 1007 1416 1063 punitio
1446 1008 1541 1050 talis
1570 1009 1684 1051 insti-

223 1077 409 1115 tueretur
433 1073 553 1129 plane
576 1073 662 1115 sine
686 1073 874 1122 utilitate,
899 1087 946 1115 ac
969 1072 1141 1129 proinde
1165 1073 1370 1114 mendose.
1420 1074 1684 1130 Excipiendae

223 1138 317 1180 hinc
341 1144 436 1180 sunt
459 1153 593 1194 poenae
617 1138 920 1188 emendatoriae,
946 1153 1037 1194 quae
1061 1153 1223 1180 causam
1255 1139 1408 1181 habent
1431 1145 1476 1181 ut
1499 1140 1569 1196 qui
1593 1155 1685 1196 pec-

223 1203 330 1245 cavit
354 1203 495 1245 melior
517 1204 602 1253 fiat,
633 1204 791 1246 etiamsi
814 1205 921 1246 forte
952 1205 994 1245 id
1015 1204 1187 1246 aliorum
1218 1219 1299 1246 non
1322 1204 1497 1248 intersit.
1561 1206 1684 1248 Puni-

222 1268 317 1310 endi
341 1283 501 1325 quoque
531 1285 612 1311 non
636 1275 731 1312 sunt
753 1276 867 1312 actus
899 1270 1073 1326 oppositi
1098 1269 1318 1312 virtutibus
1342 1285 1514 1325 quarum
1536 1277 1684 1314 natura

222 1335 468 1377 coactionem
494 1350 652 1377 omnem
676 1335 878 1392 repudiat,
911 1335 952 1377 in
977 1350 1056 1391 quo
1089 1350 1243 1392 genere
1267 1341 1362 1377 sunt
1393 1336 1682 1387 misericordia,

225 1399 460 1450 liberalitas,
486 1401 632 1457 gratiae
655 1401 812 1443 relatio.

323 1467 349 1506 2
396 1467 566 1508 Tractat
602 1466 708 1508 hanc
742 1466 1007 1522 quaestionem
1043 1468 1213 1515 Seneca,
1255 1480 1308 1507 an
1345 1466 1501 1523 ingrati
1542 1466 1684 1510 vitium

222 1531 465 1587 impunitum
489 1546 577 1573 esse
601 1532 772 1581 debeat3
810 1537 852 1574 et
883 1546 955 1573 cur
979 1546 1059 1573 non
1088 1532 1250 1580 debeat,
1275 1531 1413 1573 adfert
1437 1532 1576 1582 multa,
1613 1534 1687 1576 sed

218 1648 314 1685 plane
324 1648 499 1685 delinquere
512 1656 606 1685 neque
620 1647 752 1675 hominis
767 1649 819 1683 esi,
829 1656 923 1685 neque

225 1698 259 1725 id
282 1697 465 1734 rerumfert
487 1700 611 1725 natura.
655 1697 748 1725 Adde
769 1697 921 1725 Basilium

227 1748 452 1785 Imperatorem
475 1756 545 1784 cap.
561 1748 609 1776 50.
654 1747 858 1784 (Paraenetic.
883 1747 923 1775 ad

226 1796 363 1825 Leonem
380 1794 521 1834 Filium.)

988 1655 1214 1683 rnxnom-‘mffi
1249 1646 1301 1675 De
1327 1646 1409 1675 Jure
1435 1646 1514 1676 Nat.
1542 1651 1570 1677 et
1598 1649 1687 1679 Gent.

988 1695 1060 1726 Lib.
1076 1704 1098 1724 1.
1123 1705 1189 1733 cap.
1205 1705 1233 1725 r.
1258 1695 1275 1734 ἓ
1291 1696 1320 1724 8,
1362 1696 1396 1725 .Ῑ.
1413 1696 1455 1725 Β.

1047 1752 1059 1773 5
1085 1747 1129 1774 Ob
1152 1747 1294 1783 corporis
1318 1747 1536 1777 concretionem
1560 1749 1592 1777 in
1615 1752 1686 1780 ani-

988 1805 1068 1824 mum
1082 1794 1304 1833 transeuntem]
1330 1796 1447 1825 Seneca
1466 1797 1503 1826 de
1525 1798 1585 1828 Ira
1605 1799 1687 1829 libro

283 1851 296 1866 ¹¹
318 1846 404 1875 Inter
412 1846 543 1874 Judcvos
554 1844 666 1883 Philo]
682 1846 731 1874 De
742 1846 831 1874 Mose
842 1846 922 1874 libro

226 1905 278 1924 ιιι.
293 1906 323 1934 p.
337 1896 405 1925 075.
421 1905 446 1924 c.
459 1895 530 1924 addi
547 1898 652 1933 potest
669 1895 868 1923 Alvenesdras
883 1895 921 1923 ad

224 1944 344 1974 Jobum
361 1954 391 1973 v.
407 1945 436 1974 7.
451 1947 483 1972 et
498 1944 661 1972 Rabbinus
678 1944 775 1972 Israel
791 1953 817 1972 c.
832 1945 863 1973 8.

281 1998 296 2013 Χ
320 1992 483 2020 Diodorus
504 1991 644 2029 Siculus]
670 1992 757 2020 Idem
779 1993 810 2020 in
835 1993 922 2030 frag-

223 2040 356 2069 mentis:
391 2040 434 2077 μή
465 2044 689 2077 συκοφαντεῖν
719 2039 923 2077 ἀνθρωπίνης

225 2091 355 2128 φύσεως
376 2089 438 2123 τήν
456 2089 636 2118 ἀσθένειαν·
659 2099 718 2117 non
733 2092 851 2127 oportet
863 2099 923 2126 per

224 2139 410 2169 calumniam
439 2139 602 2167 traducere
629 2139 840 2175 infirmitatem
868 2139 923 2167 hu-

989 1852 1027 1872 11.
1051 1853 1121 1881 cap.
1138 1846 1183 1873 18.
1210 1854 1328 1873 morum
1355 1846 1522 1876 varietates
1549 1849 1688 1878 mioetura

988 1893 1200 1922 elementorum
1213 1893 1311 1931 facit,
1326 1897 1353 1923 et
1367 1895 1503 1931 proinde
1517 1897 1550 1925 in
1564 1897 1689 1936 aliquos

988 1943 1089 1981 mayis
1104 1943 1277 1972 incumbunt
1293 1944 1427 1982 inqenz'a,
1444 1950 1540 1983 prout
1554 1948 1689 1985 alicujus

988 1993 1123 2021 elementi
1137 1992 1239 2029 major
1253 1993 1300 2021 vis
1313 1994 1493 2024 abundavit.
1522 1997 1610 2026 Alibi
1621 1999 1688 2028 haec

988 2050 1025 2069 ea
1048 2044 1149 2079 vocat,
1179 2051 1250 2079 quae
1278 2042 1423 2071 attribuit
1451 2045 1589 2075 conditio
1617 2057 1689 2077 nas-

988 2090 1077 2118 cendi
1106 2094 1137 2119 et
1162 2090 1302 2128 corporis
1324 2093 1550 2129 temperatura.
1604 2096 1684 2134 Epi-

989 2140 1070 2168 stola
1089 2149 1138 2169 xx.

224 2199 318 2218 mamr
334 2193 462 2217 natum.
491 2188 546 2225 (E.
560 2188 627 2216 Lib.
640 2196 737 2216 xxvr.
753 2188 863 2225 Eelog.
876 2187 921 2225 1.)

283 2238 296 2255 ⁹
317 2238 433 2266 Merito
455 2238 514 2265 hoc
529 2237 631 2274 rejicit
646 2240 678 2265 et
697 2237 842 2265 confutat
857 2237 922 2265 Pc-

1047 2195 1059 2209 z
1083 2188 1128 2216 Ob
1148 2189 1271 2225 culpam
1291 2191 1526 2231 prsccedentemJ
1558 2194 1639 2225 Vide
1659 2207 1686 2227 c.

989 2238 1234 2266 inebriaverunt.
1249 2239 1280 2268 9.
1296 2249 1390 2269 causa
1404 2249 1460 2270 xv.
1476 2247 1586 2280 quaest.
1602 2248 1632 2276 1.

226 2412 323 2434 man.
387 2400 466 2434 The
487 2411 617 2434 reason
639 2400 680 2441 is,
700 2400 782 2435 that
800 2400 905 2435 there
923 2401 952 2436 is
972 2412 1020 2435 no
1042 2412 1152 2436 cause
1170 2401 1251 2447 why
1268 2402 1358 2436 such
1376 2403 1448 2438 sins
1466 2404 1598 2441 should
1621 2413 1686 2443 not

226 2458 272 2491 be
294 2456 362 2491 left
379 2460 417 2490 to
437 2456 520 2490 God
554 2461 592 2490 to
624 2457 770 2502 punish,
789 2457 870 2492 who
897 2469 964 2492 can
982 2458 1075 2493 both
1103 2459 1212 2493 know
1238 2459 1341 2493 them
1370 2459 1462 2501 best,
1484 2462 1557 2496 and
1569 2464 1686 2510 judge

227 2513 331 2547 them
357 2517 453 2546 most
486 2513 613 2558 justly,
654 2514 726 2547 and
753 2514 888 2559 punish
916 2514 1019 2549 them
1049 2519 1145 2549 most
1172 2516 1394 2561 effectually.
1467 2518 1687 2556 Wherefore

227 2570 260 2603 if
276 2569 365 2603 such
387 2580 407 2602 a
427 2569 666 2613 punishment
686 2581 780 2605 were
802 2571 1010 2614 instituted,
1031 2572 1058 2605 it
1085 2572 1206 2606 would
1227 2572 1274 2607 be
1299 2573 1446 2613 useless,
1467 2575 1540 2609 and
1566 2577 1686 2613 there-

228 2626 307 2659 fore
328 2625 547 2660 blameable.
588 2626 699 2660 From
730 2627 803 2661 this
827 2629 973 2661 remark
1006 2639 1069 2662 are
1089 2633 1128 2662 to
1159 2629 1206 2663 be
1232 2630 1407 2674 excepted
1432 2632 1688 2675 punishments

228 2683 288 2716 for
305 2682 553 2722 amendment,
574 2682 692 2716 which
713 2683 806 2717 have
823 2683 881 2717 for
899 2684 996 2718 their
1014 2685 1136 2729 object
1157 2689 1195 2719 to
1222 2686 1329 2719 make
1356 2686 1420 2720 the
1442 2699 1527 2722 man
1555 2689 1689 2733 better,

229 2739 370 2783 though
399 2738 463 2772 the
496 2739 648 2773 interest
679 2740 721 2773 of
745 2739 868 2774 others
900 2741 928 2774 is
955 2745 1020 2775 not
1051 2742 1267 2775 concerned.
1319 2742 1406 2777 Also
1432 2745 1689 2789 punishments

229 2807 291 2829 are
317 2799 383 2829 not
405 2799 444 2829 to
465 2795 511 2829 bc
541 2795 704 2830 inflicted
732 2807 779 2830 on
807 2800 884 2831 acts
903 2798 1067 2842 opposed
1092 2802 1131 2832 to
1149 2797 1255 2832 those
1278 2799 1414 2834 virtues
1433 2800 1475 2834 of
1489 2801 1605 2838 which
1623 2804 1688 2839 the

229 2857 361 2886 nature
375 2852 506 2896 rejects
523 2852 573 2885 all
591 2853 833 2898 compulsion,
855 2864 894 2887 as
915 2865 1051 2899 morey,
1072 2854 1268 2900 liberality,
1289 2857 1487 2901 gratitudo.

303 2913 323 2942 2
362 2909 503 2943 Seneca
524 2913 638 2944 treats
658 2909 730 2944 this
752 2910 933 2954 question,
949 2910 1130 2946 Whether
1154 2911 1380 2957 ingratitudo
1402 2913 1518 2960 ought
1535 2919 1573 2951 to
1592 2922 1691 2952 meet

1705 1483 1761 1507 Lib.
1779 1483 1814 1506 iii.
1829 1484 1861 1507 dc

1707 1516 1770 1539 Betz.
1785 1522 1806 1538 c.
1821 1515 1844 1537 6.
