2018 3204
911 320 1100 362 CAPUT
1133 319 1295 363 XVIII.

789 434 856 468 DE
889 434 1229 470 LEGATIONUM
1258 434 1401 469 JURE.

420 535 449 569 Ι.
507 535 744 580 Obliyationes
795 538 970 582 quasdam
1023 549 1064 572 ex

500 593 584 638 jure
609 593 766 637 ycntium
795 594 904 636 nasci,
940 600 977 629 ut
1001 595 1064 641 jus

508 649 733 693 lcyationum.

409 707 458 741 Π.
505 706 606 740 Inter
627 719 710 752 quos
737 708 851 742 locum
873 710 1008 744 habeat.

398 764 467 798 III.
507 762 570 796 An
600 776 734 810 semper
769 766 990 801 admittenda
1019 766 1062 801 lc-

505 820 614 865 yatio.

396 878 461 912 IV.
506 877 685 913 Adversus
712 879 839 924 Ζαραῖος
861 880 1063 925 periculosa

505 936 680 970 molientes
719 937 952 982 deffensionem
989 938 1062 971 lici-

508 997 593 1033 tam,
609 1005 680 1026 non
697 995 909 1029 elziactionem
920 1007 1050 1040 poenae.

406 1049 453 1084 V.
506 1049 710 1094 Leyationis
733 1052 818 1097 jure
851 1064 922 1085 non
955 1052 1062 1086 teneri

505 1117 595 1146 cum,
622 1108 672 1141 ad
697 1120 797 1153 quom
823 1109 955 1154 leyatus
979 1110 1061 1143 mis-

1272 549 1330 572 sus
1347 548 1417 571 non
1438 543 1496 571 est.

1163 595 1230 630 VI.
1270 595 1415 629 Hostem
1436 594 1485 627 ad
1505 605 1604 639 quem
1632 592 1756 627 missus
1781 597 1828 626 est

1273 652 1405 696 lcyatus
1423 651 1552 685 teneri:

1158 709 1243 742 VII.
1277 709 1348 743 Nec
1362 709 1660 754 opponipossejus
1672 706 1824 741 talionis.

1148 765 1255 801 VIII.
1274 766 1341 800 Jus
1366 767 1426 799 hoc
1447 771 1476 799 et
1497 766 1547 798 ad
1570 765 1707 798 comites
1736 764 1828 808 lessa-

1276 829 1393 857 torum
1409 822 1575 868 porr1'9i:
1596 822 1627 855 si
1644 821 1748 867 leyati
1768 832 1828 854 vo-

1274 880 1415 914 luerint.

1162 937 1231 971 IX.
1274 937 1325 971 Et
1346 938 1395 971 ad
1415 938 1505 971 bona
1526 935 1678 970 mobilia.

1170 995 1219 1028 X.
1268 995 1448 1040 Exempla
1489 991 1721 1039 oblz'yationis,
1756 990 1829 1026 sine

1273 1052 1415 1097 coyencli
1427 1053 1521 1097 jure.

1163 1109 1234 1143 XI.
1275 1108 1411 1152 Quanti
1427 1109 1470 1143 sit
1488 1109 1548 1142 hoc
1553 1108 1615 1154 jus
1633 1105 1824 1152 leyationis.

365 1204 398 1246 I.
532 1205 799 1249 ACTENUS
831 1222 880 1249 ea
903 1206 1229 1256 memoravimus,
1267 1221 1359 1262 quae
1383 1221 1434 1248 ex
1456 1206 1551 1262 jure
1574 1211 1734 1247 naturae
1757 1204 1827 1245 de-

553 1271 702 1314 bentur
725 1272 854 1322 nobis,
880 1273 1018 1328 paucis
1043 1273 1248 1315 duntaxat
1276 1272 1427 1315 additis
1451 1272 1502 1314 de
1530 1271 1712 1329 gentium
1731 1269 1828 1326 jure

361 1335 605 1386 voluntario,
632 1343 834 1393 quatenus
863 1339 915 1380 ab
940 1353 988 1380 eo
1021 1339 1177 1394 aliquid
1204 1344 1296 1381 erat
1320 1338 1406 1394 juri
1437 1343 1599 1380 naturae
1631 1336 1827 1393 superad-

421 1454 429 1472 ¹
452 1454 515 1484 Jus
529 1455 798 1494 Legation11n1‚i1]
818 1465 851 1485 se
873 1458 1061 1494 spectatum,

361 1514 433 1534 vere
448 1505 549 1534 oritur
562 1515 581 1534 a
596 1505 677 1534 Jure
693 1506 850 1539 Naturali,
872 1509 906 1534 ut
922 1506 1061 1534 ostendit

360 1554 642 1590 Pumsnonmus,
662 1554 714 1583 De
729 1554 811 1583 Jure
825 1554 904 1584 Nat.
926 1558 953 1583 et
972 1553 1060 1583 Gent.

360 1603 430 1633 Lib.
447 1613 483 1633 11.
501 1614 570 1642 cap.
585 1605 628 1634 iii.
648 1604 666 1642 ἓ
682 1606 730 1634 23.
775 1605 854 1639 Quae
869 1607 976 1633 autem
994 1604 1059 1641 pri-

359 1653 475 1692 vilegia
490 1655 629 1683 moribus
652 1655 797 1692 gentium
820 1658 944 1684 tantum
963 1654 1061 1693 origi-

360 1713 433 1733 nem
449 1705 577 1741 debent¹
599 1705 653 1734 illa
668 1715 760 1734 nemo
782 1708 910 1734 tenetur
929 1705 1060 1743 Legatis

360 1755 544 1790 concedere,
567 1755 625 1783 nisi
647 1755 732 1791 velit,
758 1758 790 1784 et
814 1758 907 1793 pacto
932 1755 982 1783 vel
1004 1764 1059 1783 ex-

360 1812 480 1840 presso,
508 1804 558 1832 vel
582 1804 689 1841 tacito,
718 1805 757 1833 ad
783 1804 838 1833 illa
859 1804 1061 1833 concedenda

359 1861 427 1881 sese
443 1853 656 1882 obstrinxerit.
700 1854 735 1882 J.
750 1854 792 1883 Β.

422 1907 435 1921 ²
457 1901 702 1931 Sanctimoniam
717 1901 901 1940 leqatorum]
920 1903 1060 1940 Pompo-

359 1952 430 1980 nius
444 1952 465 1980 1.
479 1953 507 1981 si
521 1953 601 1990 quis.
623 1953 681 1982 ult.
697 1953 739 1982 D.
761 1954 798 1981 de
812 1953 1037 1991 Leqatz'onibus
1047 1964 1056 1982 .·

361 2000 482 2039 Siquis
496 2002 630 2040 leqatum
649 2002 781 2030 hostium
795 2003 964 2040 pulsasset,
987 2012 1058 2031 con-

359 2055 411 2080 tra
424 2051 481 2087 jus
502 2052 636 2090 yentium
656 2052 691 2080 id
712 2053 903 2081 commissum
924 2062 987 2081 esse
1006 2062 1059 2081 cz·-

360 2101 526 2137 istimatur,
549 2102 626 2139 quia
646 2102 748 2130 sancti
767 2102 919 2131 habentur
937 2102 1055 2140 leqati:

358 2154 386 2180 et
409 2151 477 2180 ideo
502 2152 531 2180 si
555 2161 622 2180 cum
654 2151 748 2190 leyati
770 2152 858 2190 apud
880 2162 936 2181 nos
962 2156 1060 2181 essent

357 2202 455 2239 yeutis
470 2202 613 2238 alicujus,
636 2202 747 2231 bellum
762 2212 829 2231 cum
843 2202 887 2231 eis
910 2202 1059 2231 indictum

357 2252 408 2288 sit,
438 2252 551 2281 llberos
576 2263 626 2282 eos
650 2263 782 2282 manere.
825 2253 869 2282 Id
892 2253 970 2281 enim
985 2253 1059 2290 juri

356 2303 491 2340 flentium
517 2303 695 2332 conveniens
722 2312 796 2331 csse.
843 2303 954 2340 Itaque
981 2312 1057 2339 eum,

357 2352 411 2390 qui
434 2353 571 2390 leqatum
590 2352 757 2390 pulsasset,
783 2352 917 2390 Quintus
931 2352 1058 2380 Mucius

357 2401 427 2429 decli
447 2401 595 2437 hostibus,
616 2410 747 2439 quorum
766 2404 856 2429 erant
877 2401 984 2438 leqati,
1005 2410 1057 2429 so-

346 2450 431 2478 v-litus
453 2454 497 2479 est
515 2450 711 2488 respondere.
754 2450 841 2488 Lege
857 2449 947 2479 Julia
968 2450 1007 2478 de
1028 2450 1058 2478 vi

357 2500 483 2537 publica
504 2503 642 2536 tenetur,
669 2499 755 2538 quod
776 2500 816 2528 ad.
837 2499 963 2537 legatos
985 2508 1057 2528 ora-

1131 1458 1226 1492 tores,
1241 1455 1409 1485 comitesve
1423 1455 1581 1491 attinebit,
1595 1455 1621 1484 si
1636 1454 1705 1493 quis
1720 1461 1828 1482 eorum

1132 1515 1225 1544 quem
1241 1506 1382 1544 pulsasse
1402 1505 1466 1534 sive
1485 1505 1631 1543 injuriam
1646 1504 1757 1533 secisse
1776 1512 1828 1531 ar-

1131 1559 1259 1594 guetur,
1282 1555 1419 1594 Ulpiano
1434 1555 1646 1593 respondente
1668 1554 1700 1582 in
1720 1554 1740 1582 1.
1765 1553 1829 1590 leqe

1131 1605 1237 1641 Julz'a,
1253 1606 1281 1635 7.
1292 1606 1332 1634 D.
1349 1605 1393 1634 ad
1406 1606 1500 1643 leqem
1515 1605 1639 1634 Juliam
1654 1604 1691 1633 de
1706 1604 1737 1632 vi
1745 1603 1830 1641 pub-

1131 1655 1203 1684 lica.
1230 1654 1392 1693 Josephus
1418 1655 1568 1693 Antiqua²
1580 1654 1736 1683 Historiae
1749 1653 1830 1681 libro

1130 1713 1188 1734 xv.
1206 1714 1273 1742 cap.
1285 1706 1314 1734 8.
1331 1705 1466 1734 multum
1482 1705 1634 1743 praedicat
1648 1704 1829 1742 legatorum

1130 1755 1380 1791 sanctimoniam,
1396 1755 1509 1793 quibus
1524 1755 1569 1783 ait
1580 1763 1745 1783 commune
1758 1761 1830 1782 cum

1129 1806 1252 1843 angelis
1266 1805 1326 1834 Dei
1342 1805 1460 1834 nuntiis
1471 1814 1596 1834 nomen.
1630 1804 1743 1839 Varro,
1760 1803 1829 1833 Lib.

1131 1864 1184 1883 ΠΙ.
1215 1855 1252 1884 de
1275 1855 1403 1893 Linqua
1425 1855 1566 1884 Latina.-
1608 1854 1728 1884 Sancta
1759 1856 1831 1883 sunt

1130 1913 1264 1942 corpora
1279 1905 1460 1942 leqatorum.
1492 1904 1613 1940 Cicero,
1633 1903 1766 1933 Verrina
1776 1911 1829 1931 111.

1129 1953 1319 1991 Leqatornm
1326 1954 1382 1989 jus
1396 1954 1501 1982 (livino
1517 1954 1712 1991 humanoque
1725 1953 1829 1982 valla-

1128 2006 1190 2032 tum
1199 2003 1361 2041 proetho,
1383 2003 1470 2039 cujus
1487 2007 1550 2032 tam
1572 2006 1710 2031 sanctum
1731 2005 1759 2031 et
1781 2011 1831 2030 ve-

1128 2053 1266 2081 nerabile
1289 2062 1394 2081 nomen
1416 2062 1478 2081 csse
1500 2053 1594 2088 debet,
1615 2055 1721 2081 utnon
1737 2052 1827 2080 modo

1128 2104 1208 2132 inter
1221 2103 1374 2132 sociorum
1389 2102 1479 2139 jura,
1499 2102 1554 2131 sed
1566 2105 1594 2131 et
1615 2102 1747 2130 hostium
1765 2102 1828 2130 tela

1129 2153 1277 2182 incolume
1286 2155 1432 2181 versetur.
1452 2152 1594 2190 Scriptor
1608 2152 1679 2180 vitae
1692 2152 1825 2190 Epami-

1128 2202 1259 2231 nondae:
1282 2201 1400 2240 [Immo
1425 2201 1597 2239 Pelopidae.
1624 2201 1733 2230 CORN.
1753 2201 1823 2230 NE-

1128 2260 1201 2287 POS,
1217 2261 1242 2280 c.
1258 2261 1287 2280 v.
1305 2260 1335 2279 n.
1350 2250 1395 2289 1.]
1434 2250 1511 2280 Cum
1525 2251 1691 2289 leyationis
1703 2251 1780 2287 jure
1794 2260 1827 2280 se

1128 2305 1236 2331 tectum
1259 2301 1481 2337 arbitraretur,
1509 2300 1593 2338 quod
1616 2299 1702 2338 apud
1725 2309 1826 2329 omnes

1126 2354 1228 2389 yentes
1236 2354 1374 2379 sanctum
1384 2360 1446 2379 esse
1457 2354 1635 2380 consuesset.
1664 2350 1826 2378 Diodorus

1128 2401 1251 2430 Siculus
1259 2401 1290 2428 in
1301 2401 1456 2438 excerptis
1466 2400 1660 2436 Peiresianis,
1669 2399 1749 2437 Pag.
1757 2399 1826 2428 349.

1127 2450 1189 2484 ’τήν
1205 2450 1316 2478 ἄδειαν
1334 2452 1425 2478 vocat
1439 2451 1500 2484 τῆς
1519 2451 1586 2478 τῶν
1606 2449 1827 2487 πρεσβευτῶν

1126 2499 1278 2528 ἀσυλίας·
1299 2499 1494 2529 securitatem
1513 2509 1534 2528 α
1549 2499 1721 2537 leqatorum
1733 2506 1826 2527 sanc-

598 2665 780 2699 OHAPTER
805 2664 952 2698 XVIII.

1006 2664 1063 2711 Of
1076 2666 1129 2699 tlze
1149 2665 1260 2710 Riyht
1281 2666 1327 2712 <gf
1340 2665 1526 2710 Lcyation.

432 2743 462 2776 I.
524 2743 699 2777 Hitherto
723 2754 777 2777 we
801 2742 896 2777 have
926 2743 1067 2788 spoken
1093 2744 1137 2778 of
1156 2743 1279 2788 things
1301 2744 1420 2778 which
1441 2754 1504 2778 are
1529 2743 1602 2777 due
1631 2746 1671 2777 to
1700 2753 1742 2777 us
1770 2741 1822 2787 by

355 2797 514 2831 Natural
530 2799 627 2839 Law,
645 2799 782 2844 adding
800 2800 887 2845 only
907 2811 928 2833 a
948 2800 1019 2834 few
1044 2801 1167 2845 points
1189 2800 1308 2834 which
1329 2800 1465 2845 belong
1486 2804 1524 2833 to
1542 2799 1605 2833 the
1624 2797 1819 2833 instituted

356 2853 443 2886 Law
460 2854 502 2886 of
518 2855 686 2895 Nations,
712 2856 749 2888 in
768 2867 807 2890 so
824 2857 883 2890 far
899 2867 938 2890 as
956 2856 1003 2902 by
1026 2856 1108 2891 that
1134 2868 1207 2903 any
1228 2856 1334 2902 thing
1350 2868 1422 2891 was
1444 2856 1566 2890 added
1584 2860 1622 2889 to
1643 2855 1707 2889 the
1729 2855 1816 2887 Law

357 2909 399 2943 Of
411 2909 566 2944 Nature.

630 2911 663 2944 It
685 2912 843 2946 remains
871 2916 909 2946 to
931 2913 1044 2958 spcak
1066 2913 1109 2947 of
1127 2913 1189 2948 the
1217 2913 1438 2958 obligations
1459 2912 1576 2946 which
1598 2911 1679 2945 that
1696 2909 1814 2944 which
