2018 3204
191 191 280 226 CAP.
300 188 426 232 X111.]
678 190 745 224 DE
775 189 1157 225 JUREJURANDO.
1590 184 1644 225 {37

191 299 454 340 conscientioe
490 300 607 341 testis
644 307 716 348 est,
755 301 823 341 ita
863 300 940 341 hoc
974 299 1140 354 accipit
1173 299 1284 340 sicut
1317 298 1390 339 ille
1424 297 1495 339 cui
1519 298 1646 352 jura-

192 371 263 405 tur
298 365 514 418 intelliyit.
578 365 715 420 Atque
749 365 827 406 hoc
860 369 922 407 est
953 363 1062 420 quod
1098 363 1247 406 dicitur
1274 358 1456 419 llliquido
1487 363 1643 419 jurare.

190 429 290 471 Ideo
327 430 520 471 Metellus
557 435 669 472 recte
706 430 910 472 recusavit
939 429 1085 485 jurare
1120 429 1162 471 in
1197 429 1331 486 legem
1360 428 1642 484 Apuleianam,
1663 443 1781 498 {gomae
1797 444 1864 498 1355.

190 508 424 549 quanquam
448 499 568 537 erant
590 494 660 550 qui
683 495 865 538 dicerent
888 495 1022 552 legem
1050 495 1102 537 ob
1135 493 1362 552 rogationis
1386 493 1531 537 vitium
1555 509 1644 536 esse
1685 481 1717 499 ω’
1733 480 1789 505 ¹'P'
1850 491 1856 498 ’

188 559 362 609 irritam,
385 566 428 602 et
445 559 724 616 juramentum
755 561 798 603 in
826 561 960 618 legem
983 561 1042 603 ita
1064 560 1389 619 intelligendum,
1414 559 1448 602 si
1471 561 1540 603 lex
1563 559 1644 602 rite

189 630 337 681 rogata.
359 625 524 681 lataque
548 632 665 668 esset.

289 692 316 732 3
362 692 471 732 Nam
499 706 733 748 quanquam
762 692 804 734 in
836 691 1046 748 promissis
1067 692 1158 733 aliis
1182 691 1301 733 facile
1324 690 1644 748 subintelligitur

189 755 315 797 tacita
337 756 475 812 aliqua
509 757 699 807 conditio,
724 771 817 813 quae
841 757 1128 813 promissorem
1153 758 1352 806 exsolvat,
1378 757 1420 798 id
1443 763 1581 799 tamen
1603 755 1644 796 in
1664 768 1809 821 {afficim-

182 820 419 877 juramento
456 823 756 865 admittendum
792 837 874 864 non
905 827 993 864 est:
1031 837 1111 878 quo
1143 822 1326 878 pertinet
1356 822 1548 878 egregius
1578 821 1646 862 ille
1664 815 1845 882 gi¹ifg{‘i>02-z>.

190 887 304 929 locus
341 888 527 944 Apostoli
568 889 623 931 ad
670 889 902 930 Hebraeos:
940 889 1058 930 Deus
1097 889 1238 930 volens
1283 888 1648 929 abundantissime
1664 888 1841 947 ξῗιξζξῃξῄὶῖ

190 953 416 995 heredibus
452 955 757 1010 promissionis
794 955 1008 996 ostendere
1043 954 1444 995 immutabilitatem
1478 953 1649 995 consilii
1664 949 1702 973 “²2
1714 948 1809 972 T¹¹⁰¹¹¹·

189 1020 271 1067 sui,
303 1021 436 1073 fidem
469 1021 584 1074 fecit
617 1020 905 1073 jurejurando
923 1033 936 1058 :
985 1026 1036 1060 ut
1068 1034 1152 1074 per
1192 1020 1305 1061 duas
1340 1033 1407 1061 res
1447 1020 1648 1060 immuta-

191 1084 306 1133 biles,
335 1086 383 1126 in
422 1086 579 1140 quibus
596 1087 700 1138 fieri
732 1099 816 1126 non
841 1092 983 1139 potest
1022 1093 1070 1126 ut
1087 1085 1235 1139 fallat
1270 1086 1394 1126 Deus
1429 1083 1503 1138 (ita
1536 1088 1648 1125 recte

189 1149 298 1191 verti
343 1156 444 1206 puto
491 1149 590 1192 illud
637 1145 895 1210 ψεύδεσθαι,
940 1149 1044 1191 sicut
1091 1155 1236 1206 aperta
1281 1149 1431 1191 locutio
1478 1154 1647 1190 vocatur

188 1213 355 1263 veritas,
393 1216 500 1257 Dan.
543 1215 610 1257 vii.
657 1217 726 1267 16,
768 1214 851 1258 viii.
890 1217 960 1264 26,
1002 1230 1042 1256 x.
1088 1217 1148 1269 1),
1178 1217 1366 1270 firmum
1412 1216 1643 1256 habeamus

187 1281 403 1323 solatium.
475 1282 579 1331 Quae
602 1281 730 1323 verba
761 1286 807 1323 ut
838 1280 1134 1338 intelligantur,
1159 1280 1367 1323 sciendum
1401 1286 1463 1322 est
1486 1286 1647 1322 sanctos

187 1345 408 1402 scriptores
430 1346 483 1388 de
506 1347 596 1388 Deo
620 1361 729 1403 saepe
750 1346 863 1402 loqui
886 1345 1253 1407 α’νθρωποπαθῶς,
1278 1351 1320 1389 et
1344 1346 1474 1403 magis
1506 1359 1646 1387 secun-

187 1410 286 1453 dum
310 1411 352 1454 id
377 1412 486 1467 quod
509 1412 672 1454 videtur
696 1412 825 1461 nobis,
850 1426 971 1467 quam
996 1412 1106 1468 quod
1130 1417 1203 1453 est.

286 1480 315 1519 4
360 1478 470 1519 Nam
493 1479 608 1520 Deus
631 1492 730 1520 vere
761 1477 927 1519 decreta
962 1492 1037 1519 sua
1068 1492 1151 1518 non
1181 1481 1323 1519 mutat.
1395 1477 1562 1518 Mutare
1585 1480 1645 1518 ta—

185 1613 254 1642 cap.
269 1604 354 1635 xxxi.
369 1605 397 1634 1.
419 1604 535 1633 citatur
549 1613 643 1633 causa
656 1611 750 1634 xxu.
771 1606 883 1642 quaest.

185 1663 214 1682 v.
231 1663 258 1682 c.
276 1663 484 1692 quacumque.
499 1654 527 1684 9.

244 1702 259 1724 ¹¹
280 1703 418 1742 Liquido
432 1702 563 1742 jurare]
585 1703 731 1732 Donatus
750 1703 789 1732 ad
803 1703 882 1732 illud

185 1752 217 1781 in
231 1752 358 1782 Andria
371 1753 432 1790 (lv.
447 1754 477 1788 3,
491 1753 540 1790 12)
554 1763 562 1782 ε

217 1813 286 1843 Quia
303 1813 322 1837 si
340 1813 406 1838 forte
423 1819 491 1843 opus
507 1813 541 1838 ad
561 1813 657 1837 herum
670 1812 880 1844 jurejurandum

277 1853 350 1883 mihi,

216 1893 278 1918 Non
288 1894 448 1925 apposuisse,
460 1895 492 1918 ut
502 1893 604 1925 liquido
615 1894 720 1924 possim.

184 1951 338 1990 Liquido5
364 1961 445 1990 pure
452 1962 466 1987 ,·
494 1955 523 1981 et
555 1952 728 1989 manifeste.
773 1951 880 1989 χρεών

183 2001 228 2040 μή
251 2001 456 2031 ὑπονοθεὺειν
479 2001 576 2039 ἑτέρᾳ
601 2001 726 2039 φράσει
751 2000 798 2030 ‘ra'
823 2000 880 2039 ρή-

182 2063 286 2091 ματα,
310 2051 388 2081 ἀλλ’
413 2051 454 2081 ω’ς·
475 2051 530 2080 ἐπὶ
551 2051 675 2089 λέξεων
696 2051 799 2089 εἶχον,
825 2051 880 2079 ού-

183 2101 268 2130 τωσὶ
287 2101 340 2130 καὶ
357 2100 486 2137 δηλοῦν,
504 2101 549 2130 ait
566 2100 597 2128 in
617 2100 731 2129 Alexio
746 2100 880 2129 Nieetas

183 2150 325 2179 fraudem
354 2150 528 2179 Andronici
553 2149 708 2179 Comneni
736 2149 879 2187 culpans.

187 2198 332 2237 oportuit
361 2209 420 2228 non
450 2199 582 2238 quaesita
610 2199 761 2227 locutione
787 2199 882 2227 verba

183 2248 373 2285 adulterare,
395 2249 449 2278 sed
470 2252 504 2277 ut
525 2251 672 2286 concepta
693 2257 731 2277 ea
745 2248 882 2285 fuerant

184 2298 295 2337 eloqui.
337 2298 400 2334 Qui
418 2302 450 2328 et
465 2298 549 2335 alibi,
572 2298 611 2327 de
629 2297 747 2327 Alexio
770 2300 881 2327 contra

184 2459 342 2505 gustine,
363 2460 406 2495 of
422 2471 508 2495 men
523 2461 683 2506 keeping
703 2461 767 2496 the
783 2461 902 2496 words
928 2460 1001 2495 and
1019 2460 1171 2506 balking
1196 2459 1260 2494 the
1284 2460 1532 2506 expectation.

399 2517 455 2550 To
483 2528 598 2552 swcar
627 2518 782 2552 without
803 2528 947 2552 reserve
978 2518 1007 2551 is
1033 2518 1165 2562 liquido
1187 2519 1328 2563 jurare.

183 2516 336 2551 Isidore.

948 1613 1074 1633 sensum
1099 1605 1195 1634 verba
1223 1607 1391 1643 captante:
1422 1607 1494 1634 τοῖς
1519 1602 1646 1642 ῥήμασι

947 1654 1079 1683 τούτοις
1094 1654 1284 1691 ἐγκαθίσας,
1303 1653 1344 1683 ὠς
1359 1654 1391 1683 ai
1407 1657 1498 1691 μυῖαι
1514 1654 1564 1691 τῷ
1577 1652 1643 1690 μαί-

948 1703 1048 1731 λωπι·
1070 1703 1117 1732 ita
1130 1703 1230 1732 verbis
1244 1703 1310 1732 illis
1325 1703 1477 1732 insidebat
1490 1707 1522 1732 ut
1536 1712 1646 1731 muscoe

947 1753 1052 1783 vibici.
1096 1753 1244 1783 Graviter
1263 1754 1295 1782 in
1311 1753 1391 1782 hanc
1406 1753 1547 1791 regulam
1571 1761 1645 1790 pec-

947 1802 1030 1831 cavit
1059 1803 1132 1832 aula
1162 1803 1351 1839 Arcadiana,
1376 1812 1447 1840 quae
1479 1802 1583 1831 effecit
1609 1804 1646 1830 ut

948 1851 1149 1881 Chalcedone
1164 1852 1361 1881 occideretur
1375 1852 1401 1880 is
1416 1851 1470 1889 qui
1487 1851 1644 1880 Constan-

946 1901 1124 1939 tinopolim,
1139 1901 1240 1931 salute
1255 1902 1314 1940 ipsi
1328 1911 1385 1939 per
1395 1901 1643 1939 jurisjurandum

946 1951 1112 1989 promissa,
1140 1954 1280 1981 venerat.
1329 1951 1483 1986 Zosimus,
1518 1950 1588 1980 Lib.
1611 1959 1642 1978 v.

947 2000 1041 2029 Adde
1055 2010 1125 2039 quae
1140 2001 1222 2030 infra
1236 2011 1305 2039 cap.
1321 2001 1381 2030 xvi.
1397 2003 1428 2031 2.
1471 2000 1559 2039 [Duo
1578 2000 1648 2029 loca

947 2049 1088 2079 N1CETAE
1104 2059 1202 2079 unum
1217 2050 1364 2089 idemque
1380 2053 1465 2085 sunt,
1480 2054 1512 2079 et
1524 2050 1554 2078 in
1571 2059 1644 2087 pos-

946 2099 1062 2127 teriore
1095 2098 1190 2127 etiam
1218 2099 1257 2128 de
1281 2099 1464 2128 Andronico
1482 2099 1645 2128 Comneno

946 2147 1062 2186 agitur,
1083 2157 1146 2176 non
1172 2148 1210 2176 de
1235 2148 1348 2177 Alexi:
1377 2147 1447 2177 Lib.
1472 2156 1497 2176 1.
1526 2156 1593 2185 cap.
1615 2149 1643 2176 3.

946 2196 977 2225 in
1004 2197 1096 2226 Alex,
1138 2196 1241 2225 Locus
1276 2200 1381 2225 autem
1411 2196 1528 2225 Zosimi
1566 2196 1645 2234 (non

948 2247 1122 2283 Sozomeni‚
1142 2250 1178 2275 ut
1199 2247 1374 2276 habuerunt
1389 2247 1540 2276 hactenus
1562 2246 1645 2275 Edd.

945 2301 1019 2335 post
1040 2297 1126 2326 illam
1152 2297 1239 2328 1642.
1266 2297 1320 2326 ubi
1347 2297 1552 2334 Zozomenus,
1575 2306 1645 2326 cor-

1598 2459 1648 2494 So

1391 2517 1440 2551 So
1460 2516 1645 2557 Metellus,

184 2572 332 2618 rightly,
347 2573 468 2607 would
492 2580 558 2607 not
578 2585 692 2608 swcar
715 2578 754 2609 to
779 2574 843 2609 the
863 2574 1047 2620 Apuleian
1067 2574 1147 2615 law,
1172 2573 1315 2619 though
1339 2574 1369 2609 it
1393 2585 1464 2608 was
1489 2573 1585 2615 void,
1606 2584 1645 2607 as

183 2629 296 2674 being
312 2629 523 2675 informally
542 2631 686 2675 passed.

259 2690 279 2721 3
310 2686 385 2720 For
404 2685 546 2731 though
567 2687 605 2720 in
625 2687 803 2732 promises
819 2697 921 2720 some
938 2687 1028 2721 tacit
1045 2686 1234 2721 condition
1253 2698 1337 2732 may
1353 2686 1400 2721 be
1421 2686 1647 2721 understood

186 2742 306 2777 which
326 2742 492 2777 absolves
514 2742 577 2777 the
598 2743 789 2788 promiser,
810 2742 892 2776 that
912 2743 942 2777 is
967 2747 1034 2777 not
1055 2753 1094 2777 so
1112 2743 1149 2776 in
1171 2754 1219 2776 an
1241 2743 1351 2777 Oath.

1405 2744 1454 2778 So
1477 2744 1520 2778 St
1539 2743 1647 2784 Paul,

185 2800 282 2834 ch.
302 2800 347 2833 vi.
372 2803 427 2840 18,
445 2799 543 2834 That
558 2799 606 2845 by
627 2806 693 2834 two
714 2799 930 2833 immutable
947 2799 1081 2844 things,
1102 2799 1140 2833 in
1160 2799 1278 2834 which
1296 2800 1326 2834 it
1345 2811 1417 2835 was
1435 2800 1648 2846 impossible

185 2856 245 2892 for
267 2856 350 2891 God
372 2861 410 2891 to
432 2857 559 2891 deceive
572 2869 582 2889 .-
609 2856 786 2903 speaking
803 2855 900 2890 after
916 2855 981 2890 the
998 2867 1152 2891 manner
1177 2857 1220 2891 of
1235 2868 1331 2891 mon.

258 2918 281 2947 4
310 2914 384 2949 For
412 2914 495 2948 God
524 2914 611 2948 does
643 2918 709 2948 not
734 2913 850 2959 really
878 2913 1019 2959 change
1048 2913 1105 2948 his
1139 2913 1299 2949 dccrees.

1362 2914 1422 2949 He
1443 2914 1473 2949 is
1501 2913 1580 2949 said
1609 2917 1649 2948 to
