2018 3204
135 323 208 348 Suet.
222 329 244 347 c.
257 322 296 347 39.

132 1046 178 1071 pp.
190 1041 246 1070 630,
256 1040 312 1065 631.

353 196 410 239 76
831 202 900 236 DE
933 198 1333 236 CONTRAOTIBUS.
1648 197 1742 241 [Lm.
1762 199 1813 235 11.

356 312 498 354 Caesar
534 310 752 367 Augustus
788 307 949 350 notavit
985 306 1155 362 aliquOS,
1202 306 1312 362 quod
1357 305 1550 363 pecunias
1594 305 1817 350 levioribus

355 377 491 419 usuris
513 374 701 423 mutuati,
727 373 911 430 graviori
933 373 1093 414 foenore
1117 371 1392 415 collocassent.

451 442 571 483 XXI.
644 438 960 481 Observandum
995 443 1134 479 tamen
1169 442 1244 486 est,
1280 452 1369 479 esse
1397 437 1584 492 quaedam
1615 440 1733 493 gquae
1760 437 1815 480 ad

352 522 489 549 usurae
513 505 688 561 speciem
718 504 927 552 accedant,
961 517 1008 544 ac
1037 502 1162 559 vulgo
1184 517 1321 544 usurae
1345 517 1432 544 esse
1456 503 1690 552 videantur,
1723 517 1815 544 cum

353 579 492 614 tamen
515 576 637 626 pacta
658 569 739 611 sint
767 567 930 625 generis
961 567 1158 610 alterius:
1190 573 1238 610 ut
1272 568 1324 609 de
1358 568 1617 624 repensando
1651 568 1814 618 damno,

354 637 463 692 quod
496 635 595 677 facit
634 634 704 689 qui
742 633 955 690 pecuniam
988 633 1061 674 dat
1096 638 1293 682 mutuam,
1330 648 1378 675 eo
1409 633 1518 688 quod
1550 632 1620 675 diu
1644 633 1816 689 pecunia

353 706 517 743 careat:
553 700 650 742 item
690 699 741 741 de
775 699 888 740 lucro
923 698 975 739 ob
1007 697 1139 740 mutui
1171 698 1378 740 dationem
1413 704 1609 748 cessante,
1639 698 1815 740 deducto

352 766 504 809 scilicet
532 765 688 807 incerto
712 764 810 820 spei,
836 769 879 805 et
901 763 1043 804 labore
1065 763 1134 818 qui
1157 763 1392 805 subeundus
1414 763 1563 805 fuerat.
1602 764 1668 806 Sic
1692 762 1815 806 etiam

352 847 427 889 pro
452 830 644 887 impensis
668 829 754 886 ejus
779 829 849 885 qui
873 828 1010 870 multis
1034 829 1107 870 dat
1130 834 1315 870 mutuam
1339 829 1564 884 pecuniam,
1601 835 1643 871 et
1665 829 1707 870 in
1738 829 1816 870 hoc

352 903 540 954 paratam
574 897 726 938 habet:
763 901 806 937 et
827 909 903 950 pro
927 893 1107 949 periculo
1131 893 1370 935 amittendae
1394 893 1529 945 sortis,
1565 894 1636 935 ubi
1670 893 1815 935 idonee

351 978 434 1004 non
457 967 638 1011 cavetur,
664 960 698 1001 si
720 960 819 1015 quid
840 958 1034 1016 exigitur,
1068 973 1194 1000 usura
1217 973 1315 1001 vere
1338 973 1419 1000 non
1445 965 1517 1001 est.
1569 959 1816 1001 Demosthe-

351 1043 423 1070 nes
464 1027 648 1069 oratione
676 1028 724 1068 in
747 1028 1071 1074 Pantaenetum,
1104 1039 1209 1073 eum,
1252 1024 1324 1079 qui
1358 1024 1469 1079 quod
1500 1038 1552 1065 ex
1582 1029 1816 1066 mercatura

351 1100 424 1137 aut
447 1094 621 1135 honesta
643 1106 770 1149 opera
790 1089 980 1147 quaesivit
1001 1085 1104 1132 ¹¹sub
1129 1089 1286 1132 modico
1312 1090 1457 1132 lucello
1482 1089 1626 1141 elocat,
1661 1089 1815 1147 partim

340 1210 449 1248 foenus
470 1218 595 1247 auqere.
630 1208 722 1246 (Pag.
753 1208 822 1237 124.
848 1206 939 1236 Edit.
967 1204 1050 1237 Fell,

348 1260 468 1297 Brem.)
492 1259 736 1297 Chrysostomus
754 1257 791 1286 sle
805 1256 932 1293 Jejunz'o
947 1264 977 1285 v.
992 1256 1049 1284 ἐοίυ

350 1309 532 1346 νηστεύσῃς
546 1307 655 1344 βλέπε
670 1306 713 1345 μή
728 1306 877 1343 δανείσῃς
891 1306 933 1334 τὸ
946 1304 1048 1342 ἀργύ-

348 1358 419 1394 ριόν
447 1369 505 1386 σου
534 1357 591 1386 ἐπὶ
615 1356 720 1393 τόκῳ.
753 1355 938 1390 νηστεύεις;
960 1353 1048 1391 siulfi—

346 1406 447 1444 ρηξον
475 1405 594 1443 βιαίων
616 1402 911 1441 συναλλαγμάτων
937 1402 1048 1441 χειρό-

347 1459 496 1493 γραφον·
530 1454 567 1484 Si
581 1453 713 1490 jejunes,
733 1452 803 1481 vide
824 1461 861 1480 ne
882 1452 1049 1489 pecuniam

346 1509 432 1534 tuam
456 1505 585 1534 colloces
596 1503 719 1542 foenorz'
732 1513 741 1532 .-
756 1502 885 1539 jejztnas
899 1501 914 1530 Ρ
943 1511 1051 1539 rumpe

346 1555 547 1583 violentorum
559 1557 725 1591 pactorum
745 1552 912 1582 cautiones.
936 1551 1047 1589 (Tom.

347 1612 393 1634 Π.
409 1613 484 1641 pag.
498 1603 586 1641 937.)
614 1603 703 1631 Idem
724 1602 756 1630 in
779 1604 875 1639 caput
900 1600 1048 1629 ultimum

348 1662 370 1683 1.
386 1653 426 1681 ad
450 1652 642 1689 Corinthios,
663 1652 715 1689 (T.
731 1660 784 1680 111.
804 1660 878 1688 pag.
900 1650 971 1686 534)
993 1658 1049 1687 pe-

347 1703 470 1731 cuniam
496 1703 617 1730 foenore
647 1704 771 1739 partam
801 1709 865 1728 non
891 1699 993 1736 magis
1022 1698 1049 1726 si

347 1752 379 1780 in
405 1751 633 1788 eleemosynam
656 1751 759 1785 detur,
787 1749 857 1778 Deo
885 1751 1046 1785 acceptam

349 1809 417 1829 esse
436 1800 492 1833 ait,
511 1808 605 1836 quam
627 1799 652 1827 si
671 1799 765 1827 detur
783 1806 822 1826 ex
839 1799 963 1834 quaestu
981 1805 1047 1824 me-

347 1848 486 1878 retricio.
521 1847 723 1884 Augustinus
741 1846 834 1883 epist.
855 1853 922 1873 mv,
965 1844 1051 1882 Quid

348 1899 452 1927 (licam
470 1897 507 1926 de
527 1897 639 1932 usuris,
661 1904 740 1933 quas
760 1895 853 1924 etiam
873 1895 948 1931 ipsae
968 1895 1048 1932 leyes

348 1950 377 1976 et
393 1947 516 1983 judices
542 1945 632 1974 reddi
650 1945 769 1981 jubent.
810 1944 864 1972 Ita
892 1943 1049 1972 crudelior

348 2000 401 2032 est,
421 1996 474 2034 qui
495 1995 650 2024 subtrahit
669 1992 795 2031 aliquid
814 1992 862 2021 vel
883 1993 977 2030 eripit
999 1993 1048 2021 cli-

347 2045 415 2081 viti,
427 2053 519 2083 quam
531 2043 585 2082 qui
595 2043 732 2072 trucidat
736 2050 907 2080 pauperem
912 2042 1046 2079 foenore.

1116 1204 1274 1234 Maximus
1284 1204 1413 1234 homilia
1425 1214 1475 1234 111.
1487 1205 1524 1234 de
1538 1205 1790 1243 Quadraqcsima
1802 1215 1813 1234 .·

1114 1258 1194 1284 recte
1211 1255 1324 1292 frater
1340 1255 1562 1292 frequentabis
1588 1254 1758 1290 ecclesiam,
1786 1255 1815 1282 si

1115 1313 1238 1342 qressus
1253 1307 1320 1332 tuos
1337 1304 1502 1333 lethalibus
1519 1304 1639 1342 laqueis
1648 1303 1745 1332 avida
1755 1303 1815 1332 illa

1116 1363 1176 1382 non
1190 1353 1325 1391 implicet
1339 1357 1367 1382 et
1379 1353 1515 1382 involvat
1527 1362 1633 1383 usura.
1657 1353 1715 1381 His
1734 1353 1816 1381 adde

1115 1402 1266 1432 Basilium
1284 1403 1315 1431 in
1335 1412 1495 1431 sermones
1506 1402 1636 1431 Domini
1647 1403 1679 1430 in
1696 1405 1815 1437 monte,

1115 1456 1148 1481 et
1170 1462 1239 1490 quae
1261 1462 1300 1481 ex
1321 1452 1460 1481 conciliis
1480 1452 1659 1490 sanctisque
1679 1452 1815 1489 scripto-

1115 1502 1202 1530 ribus
1233 1502 1363 1539 collegit
1403 1501 1576 1530 Gratianus
1613 1510 1708 1530 causa
1739 1509 1815 1530 ΧΠ.

1116 1554 1228 1588 quaest.
1251 1551 1294 1579 iii.
1316 1554 1348 1580 et
1364 1551 1405 1580 iv.
1436 1551 1555 1589 [Nullae
1575 1554 1649 1580 sunt
1667 1550 1815 1580 Homiliae

1116 1600 1249 1629 BAS1L11
1271 1601 1382 1639 Magni
1397 1601 1429 1629 in
1453 1601 1619 1629 Sermones
1636 1600 1765 1629 Domini
1782 1600 1814 1628 in

1116 1653 1242 1679 monte:
1264 1651 1319 1679 sed
1341 1659 1404 1679 una
1424 1653 1472 1679 est
1493 1650 1525 1678 in
1540 1650 1657 1680 Psalm.
1673 1650 1735 1680 xiv.
1757 1650 1813 1678 ad-

1115 1709 1223 1728 versus
1245 1700 1477 1735 Foeneratores,
1502 1699 1593 1728 Tom.
1609 1708 1632 1728 1.
1653 1708 1728 1737 pag.
1746 1700 1814 1734 135,

1115 1751 1143 1777 et
1157 1757 1241 1786 seqq.
1251 1748 1318 1777 Ed.
1335 1747 1447 1777 Paris.
1463 1747 1550 1776 1638.
1569 1756 1662 1785 quam
1681 1748 1814 1780 Auctor,

1116 1808 1214 1835 quum
1231 1799 1263 1826 in
1282 1798 1387 1826 animo
1406 1798 1546 1832 haberet,
1563 1797 1618 1831 ita,
1641 1797 1733 1835 lapsu
1748 1807 1814 1826 me-

1116 1847 1233 1882 nioriae,
1252 1855 1419 1884 perperam
1438 1846 1628 1883 designavit.
1668 1846 1704 1875 J.
1721 1845 1783 1884 B.]

1173 1901 1189 1922 g
1213 1896 1285 1933 Quae
1313 1894 1358 1922 acl
1380 1903 1479 1923 usurae
1497 1896 1627 1932 speciem
1647 1895 1811 1934 accedant]

1115 1942 1158 1970 Et
1175 1942 1200 1970 si
1219 1951 1289 1970 cum
1302 1942 1383 1979 juris
1401 1944 1538 1971 Romani
1558 1944 1710 1973 consultis
1725 1945 1813 1982 loqui

1115 1992 1270 2027 volumus,
1302 1992 1406 2020 foenus
1434 1992 1576 2021 odiosum
1602 2002 1716 2022 nomen
1753 1999 1813 2029 est,

1116 2050 1210 2070 usura
1232 2049 1294 2069 non
1326 2041 1414 2072 item.
1460 2042 1568 2072 Usurae
1595 2052 1656 2072 non
1679 2046 1813 2081 propter

346 2188 412 2223 the
432 2187 643 2233 separation
667 2186 780 2232 being
804 2185 918 2220 taken
944 2196 1047 2231 away
1066 2185 1116 2231 by
1136 2185 1201 2220 the
1223 2185 1374 2231 Gospel,
1395 2185 1468 2220 and
1488 2184 1554 2220 the
1578 2189 1675 2221 term
1694 2186 1811 2231 neiyh-

346 2247 435 2279 bour
454 2255 557 2279 more
578 2243 711 2289 widely
729 2242 926 2277 extended.
979 2243 1029 2276 So
1054 2242 1270 2276 Lactantius
1291 2242 1364 2276 and
1385 2242 1602 2276 Ambrosius
1623 2242 1808 2276 condemn

345 2312 471 2346 usury.
522 2300 605 2334 And
631 2299 819 2345 Augustus
839 2299 954 2333 noted
974 2299 1034 2333 for
1057 2299 1198 2333 rebuke
1223 2309 1326 2334 some
1350 2298 1431 2333 who
1453 2298 1646 2333 borrowed
1671 2308 1807 2344 money

345 2362 385 2392 at
401 2357 472 2391 low
491 2357 646 2391 interest
666 2356 740 2390 and
757 2356 836 2390 lent
855 2356 885 2389 it
905 2359 943 2389 at
963 2354 1064 2400 high.

417 2414 529 2447 XXI.
588 2413 625 2447 It
649 2413 679 2446 is
706 2416 746 2447 to
771 2412 818 2446 be
835 2411 1025 2452 observed,
1046 2411 1227 2453 however,
1250 2411 1333 2446 that
1353 2410 1460 2445 there
1480 2421 1544 2444 are
1561 2420 1663 2445 some
1683 2409 1808 2456 things

345 2470 465 2504 which
491 2468 679 2514 approach
706 2472 746 2502 to
773 2467 838 2502 the
864 2472 997 2502 nature
1024 2466 1064 2501 of
1089 2478 1213 2513 usury,
1244 2467 1318 2501 ancl
1339 2467 1550 2512 commonly
1570 2477 1633 2501 are
1660 2466 1747 2501 held
1768 2471 1808 2501 to

345 2526 392 2561 be
413 2537 538 2571 usury,
556 2525 675 2559 which
696 2535 759 2558 are
783 2528 887 2568 pacts
908 2523 951 2557 of
971 2523 1129 2558 another
1145 2524 1254 2558 kind:
1282 2535 1321 2558 as
1341 2527 1445 2569 pacts
1461 2523 1521 2557 for
1540 2523 1692 2568 making
1711 2523 1808 2568 good

345 2583 409 2617 the
425 2583 498 2616 loss
514 2581 635 2615 which
661 2580 709 2615 he
729 2580 859 2614 suffers
883 2579 965 2614 who
988 2580 1095 2614 lends
1115 2591 1262 2626 money,
1277 2580 1328 2626 by
1343 2580 1456 2625 being
1475 2580 1567 2625 kept
1592 2584 1657 2614 out
1682 2579 1725 2614 of
1749 2579 1807 2614 his

344 2650 479 2684 money
499 2649 539 2673 so
564 2638 673 2683 long:
701 2636 775 2670 and
795 2647 844 2670 on
864 2640 1022 2671 account
1047 2636 1091 2671 of
1105 2636 1170 2671 the
1189 2637 1275 2682 gain
1299 2636 1419 2670 which
1439 2636 1504 2670 the
1525 2636 1808 2681 money-leudei-

344 2695 440 2729 loses
456 2695 506 2740 by
525 2694 689 2739 lending,
705 2693 907 2738 deducting
923 2692 1022 2727 what
1038 2694 1280 2738 corresponds
1302 2697 1340 2727 to
1362 2693 1426 2728 the
1443 2692 1678 2737 uncertainty
1695 2692 1738 2726 of
1750 2691 1806 2726 his

344 2750 473 2795 hopes,
501 2751 575 2784 and
603 2750 667 2784 the
695 2749 827 2784 labour
850 2749 898 2784 he
928 2749 1050 2784 would
1078 2749 1172 2784 have
1196 2749 1268 2784 had
1292 2753 1331 2784 to
1351 2749 1530 2794 undergo.
1581 2748 1665 2782 And
1685 2748 1805 2792 again,

346 2806 379 2838 if
393 2806 570 2850 anything
586 2807 632 2840 be
650 2806 859 2841 demanded
879 2817 928 2840 on
948 2810 1106 2841 account
1126 2806 1170 2840 of
1186 2817 1362 2852 expenses
1379 2804 1550 2839 iucurred
1566 2804 1614 2849 by
1630 2803 1707 2837 him
1723 2803 1805 2838 who

346 2861 451 2894 lends
469 2872 602 2906 money
617 2866 656 2896 to
674 2873 796 2907 many,
818 2862 893 2896 and
914 2862 980 2897 has
1001 2863 1032 2897 it
1054 2863 1169 2908 ready
1184 2863 1244 2897 for
1264 2862 1346 2896 that
1361 2871 1544 2907 purpose3
1574 2859 1647 2893 and
1664 2859 1724 2893 for
1741 2859 1804 2893 the

346 2916 487 2962 danger
513 2917 555 2950 of
576 2918 695 2961 losing
714 2918 778 2952 the
804 2919 997 2964 principal,
1017 2918 1138 2954 where
1159 2919 1232 2954 due
1244 2918 1412 2964 ,security
1431 2918 1461 2951 is
1482 2919 1548 2951 not
1567 2915 1700 2958 taken3
1731 2914 1804 2950 this
