2018 3204
186 175 276 211 GAP.
295 172 400 220 XV]
459 175 528 210 DE
557 174 845 210 FEDERIBUS
876 174 939 210 Ac
971 175 1357 213 SPONSIONIBUS.
1561 173 1639 212 143

185 284 296 327 dere.
355 283 472 325 Bene
496 281 797 326 Tertullianus:
837 285 1055 333 Quamdiu
1077 285 1199 326 intra
1222 287 1429 328 Israelem
1453 295 1548 329 erat
1571 303 1640 330 377-
1658 302 1726 324 Arre
1743 301 1832 327 Mar-c

185 358 461 397 cramentzcm,
493 350 642 390 merito
669 350 716 390 in
750 350 858 391 solos
879 351 1052 404 fratres
1085 352 1428 392 77773ον700771777777
1458 355 1641 395 manda-
1659 337 1693 355 u
1710 331 1746 356 ω’

187 417 273 457 bat.
315 417 375 456 At
398 415 472 456 ubi
499 415 666 457 Christo
690 415 809 456 dedit
826 423 966 469 yentes
984 417 1263 458 hereditatem
1284 425 1323 458 et
1339 419 1640 471 possessionem

187 482 387 523 terminos
411 488 546 529 terrie,
578 487 617 521 ct
641 481 766 534 coepit
789 482 975 535 077977777ῃὶ
997 483 1109 536 quod
1136 482 1299 523 dictum
1323 491 1383 524 est
1398 498 1481 537 per
1510 485 1610 526 Osee
1626 501 1639 526 :

184 547 287 588 Non
327 546 513 600 populus
548 559 663 587 7770773
688 547 876 600 populus
920 561 1047 597 7770773,
1092 555 1131 588 ct
1175 562 1258 588 77077
1297 549 1640 591 misericordiam

183 619 407 654 consecuta
443 625 663 652 miseriem
665 612 786 652 71777777
822 620 1054 661 consecuta,
1093 614 1145 653 Ν
1144 614 1233 654 atio
1267 614 1457 663 scilicet;
1492 616 1641 657 exinde

191 678 388 720 Christus
414 677 462 718 in
492 691 631 718 07777703
656 677 783 730 [090777
800 678 1018 731 fraternoe
1042 679 1154 719 bem
1134 679 1319 732 9777777773
1342 681 1537 729 extendit,
1572 695 1641 722 770-

184 745 340 784 minem
363 743 585 784 excludens
606 744 653 783 in
675 744 958 792 miseratione,
983 744 1094 784 370777
1116 745 1163 784 in
1187 746 1416 786 vocatione.

286 809 313 849 2
362 808 465 857 Quae
488 807 615 862 accipi
639 813 803 863 oportet
825 808 939 849 salva
960 807 1114 864 gradus
1149 808 1392 858 differentia,
1417 815 1464 851 ut
1489 809 1532 850 in
1556 824 1640 851 om·

183 887 259 915 nes
281 873 406 915 simus
426 873 608 922 benefici,
632 872 839 928 praecipue
856 878 994 914 tamen
1016 872 1058 913 in
1081 873 1290 930 religionis
1313 880 1535 917 consortes.
1590 876 1639 916 In
1660 895 1767 920 cami.
1783 896 1819 920 ιο.

188 938 409 981 Clementis
432 937 785 980 constitutionibus
815 937 1014 995 legimus:
1050 940 1182 981 πᾶσιν
1208 933 1280 981 οὖν
1306 933 1464 984 δίκαιον
1487 935 1638 984 διδόναι
1657 957 1716 983 Lib.
1731 959 1829 983 vnn.

185 1001 238 1062 ἐξ
275 1005 433 1048 οἰκείων
468 1000 618 1048 πόνων*
669 1001 966 1063 προτιμητέον
1001 998 1046 1046 δὲ
1084 1002 1186 1050 τούς
1218 1002 1387 1061 ἁγίους·
1435 1008 1640 1049 Omnibus

187 1071 457 1125 larqienclum
492 1070 543 1112 de
571 1077 720 1111 nostra
753 1084 912 1124 opera:
944 1071 1017 1111 secl
1045 1071 1112 1111 ita
1145 1078 1194 1111 ut
1224 1080 1471 1113 sanctorum
1492 1074 1640 1127 potior

185 1136 397 1178 habeatur
416 1136 546 1176 ratio.
606 1135 805 1188 Perfecta
830 1135 1084 1183 liberalitas,
1112 1134 1245 1190 inquit
1268 1137 1519 1187 Ambrosius,
1533 1141 1639 1194 fide,
1662 1154 1758 1184 offici.
1774 1154 1814 1179 ao.

185 1216 332 1250 07777377,
359 1202 457 1248 loco,
485 1208 665 1255 tempore
682 1201 1011 1250 commendatur,
1036 1209 1083 1242 ut
1098 1203 1294 1256 primum
1312 1218 1458 1258 opere)
1460 1205 1498 1246 is
1521 1219 1586 1246 077
1589 1220 1641 1246 077

184 1268 432 1309 domesticos
443 1267 560 1319 fidei.
633 1265 772 1307 Simile
795 1272 857 1307 est
880 1265 980 1308 illud
1004 1266 1268 1310 Aristotelis·
1304 1267 1352 1312 οὐ
1374 1288 1466 1328 ’γαρ
1487 1267 1669 1319 ὁμοίως
1660 1286 1818 1311 N1c.iv.52.

186 1329 394 1391 προσήκει
418 1327 616 1383 συνήθων
641 1350 709 1374 και
740 1328 910 1375 ὀθινειων
940 1329 1203 1393 φροντίζειν·
1237 1335 1387 1390 IVeqzce
1415 1337 1526 1377 enim
1550 1351 1638 1391 par

184 1405 245 1440 est
268 1399 473 1453 cequalem
497 1412 573 1439 0777
576 1412 648 1438 77777
670 1398 810 1439 subiri
825 1412 912 1452 pro
935 1406 1051 1440 enter
1054 1400 1121 1441 nis
1143 1407 1183 1441 et
1199 1415 1259 1454 pr
1261 1415 1283 1441 o
1305 1402 1469 1442 amicis.

285 1465 312 1504 3
355 1463 572 1505 Convictus
606 1462 729 1504 etiam
762 1462 974 1504 familiaris
1009 1477 1099 1505 cum
1134 1464 1376 1514 hominibus,
1414 1466 1483 1521 qui
1517 1466 1639 1508 alieni

183 1534 280 1571 sunt
310 1543 336 1571 a
369 1527 599 1585 Religione,
632 1542 712 1569 non
747 1527 1016 1583 prohibetur:
1055 1543 1102 1570 ac
1136 1544 1188 1571 ne
1223 1544 1314 1571 cum
1349 1530 1426 1572 illis
1461 1531 1638 1587 quidem,

184 1608 358 1650 quorum
381 1593 497 1649 pejor
521 1607 642 1635 eausa
665 1598 738 1642 est,
764 1599 805 1635 et
829 1593 897 1649 qui
920 1608 946 1634 a
967 1593 1191 1648 disciplinae
1223 1595 1469 1638 Christianae
1493 1598 1640 1654 regula

185 1659 389 1709 deficiunt,
422 1673 540 1700 omne
568 1657 825 1700 interdicitur
859 1659 1155 1708 commercium,
1190 1661 1263 1702 sed
1293 1661 1492 1704 familiare
1521 1668 1641 1705 extra

184 1725 480 1774 necessitatem,
516 1738 597 1765 non
615 1723 737 1765 etiam
762 1724 871 1779 quod
904 1724 1201 1766 emendandis
1190 1725 1287 1781 ipsis
1321 1741 1434 1782 spem
1466 1729 1637 1783 praebet.
1658 1745 1776 1798 {Th-⁶³⁸
1788 1746 1826 1770 777.

186 1790 295 1832 Illud
325 1805 424 1832 vero
467 1789 576 1846 quod
609 1790 721 1844 apud
755 1789 926 1831 Paulum
961 1795 1035 1839 est,
1078 1792 1148 1832 Ne
1179 1806 1335 1846 977977777
1369 1794 1510 1835 ducite
1541 1809 1640 1836 077777
1658 1807 1745 1830 2cor
1761 1806 1846 1831 xtu.

185 1857 342 1898 alienis
365 1871 395 1897 a
416 1857 534 1910 fide:
569 1856 682 1910 quod
704 1857 814 1897 enim
850 1857 1105 1897 consortium
1138 1864 1198 1898 est
1223 1858 1409 1910 9773777770
1439 1873 1534 1900 077777
1557 1839 1761 1901 ini-mqq

185 1923 362 1977 quitate‚
395 1930 473 1963 aut
495 1936 586 1974 quce
607 1922 848 1963 commixtio
883 1929 943 1962 cst
969 1922 1056 1963 luci
1089 1936 1184 1963 cum
1209 1924 1402 1973 tenebris,
1436 1933 1518 1966 aut
1549 1940 1642 1980 quce

184 1989 414 2029 eoncordia
445 1995 506 2029 est
535 1988 704 2029 Christo
737 2001 836 2028 077777
864 1988 1052 2035 Satauci,
1088 1995 1165 2028 aut
1193 2003 1284 2042 quse
1307 2004 1421 2043 pars
1455 1992 1643 2032 credenti

184 2067 279 2094 cum
295 2068 378 2094 77077
395 2054 585 2095 credente
601 2052 624 2093 ‚9
645 2052 698 2093 ad
719 2065 787 2093 eos
805 2051 985 2107 pertinet
1009 2051 1077 2106 qui
1094 2052 1135 2093 in
1152 2052 1283 2094 idoliis
1307 2054 1640 2105 convivabantur,

184 2123 308 2173 atque
342 2117 401 2160 ita
436 2123 509 2159 aut
545 2116 815 2159 idololatriam
850 2117 1168 2166 committebant,
1206 2124 1280 2160 aut
1315 2125 1428 2160 certe
1462 2120 1643 2162 commit-

184 2183 355 2225 tentium
374 2183 547 2240 speciem
578 2183 832 2238 praebebant.
885 2182 1118 2223 Ostendunt
1141 2183 1378 2237 sequentia:
1420 2187 1524 2236 Quae
1548 2200 1643 2226 0077-

183 2250 319 2290 sensio
344 2250 496 2304 templo
527 2249 613 2290 Dei
637 2263 731 2290 077777
762 2248 930 2289 idolis?
964 2247 1108 2289 similia
1131 2247 1209 2289 illis
1232 2262 1324 2304 quae
1355 2249 1396 2290 in
1420 2249 1558 2305 priore
1589 2250 1642 2292 ad
1662 2265 1836 2291 1cor.x.21.

184 2412 320 2458 belong
340 2416 379 2447 to
399 2413 542 2458 private
570 2414 770 2458 prudenee,
787 2417 855 2448 not
880 2417 919 2448 to
940 2413 1066 2459 public
1087 2413 1220 2459 policy,
1240 2413 1313 2448 and
1335 2413 1453 2448 admit
1473 2413 1516 2449 of
1529 2425 1640 2462 many

184 2469 408 2514 exceptions.

255 2526 304 2559 X.
366 2529 384 2559 1
423 2525 503 2560 The
534 2526 671 2571 Gospel
711 2526 877 2572 changed
911 2526 1068 2571 nothing
1092 2527 1132 2561 in
1162 2526 1237 2561 this
1267 2530 1423 2561 matter:
1456 2527 1485 2562 it
1514 2527 1642 2563 rather

184 2582 336 2617 favours
354 2583 593 2616 conventions
610 2582 698 2616 with
713 2583 762 2616 all
779 2593 865 2617 men
885 2583 967 2618 that
983 2594 1036 2618 we
1053 2595 1136 2629 may
1155 2584 1202 2617 do
1220 2583 1325 2618 them
1347 2583 1443 2628 good
1459 2597 1466 2617 :
1494 2595 1534 2618 as
1556 2584 1641 2619 God

185 2639 311 2673 makes
332 2638 389 2672 his
406 2649 474 2672 sun
492 2642 530 2672 to
551 2639 623 2672 rise
640 2649 688 2672 on
708 2639 772 2673 the
784 2640 862 2683 just
887 2639 959 2673 and
977 2650 1025 2673 on
1045 2639 1109 2674 the
1128 2641 1262 2684 unjust.
1324 2639 1374 2673 So
1392 2640 1610 2675 Tertullian.

263 2699 284 2729 2
323 2694 457 2729 Which
477 2699 575 2729 must
591 2695 638 2729 be
655 2695 768 2729 taken
788 2695 876 2729 with
893 2705 916 2728 a
932 2695 1142 2736 difference,
1163 2695 1245 2729 that
1265 2706 1318 2730 we
1335 2707 1399 2730 are
1418 2700 1458 2730 to
1479 2696 1526 2731 do
1543 2697 1640 2742 good

185 2755 226 2786 to
246 2752 307 2792 all,
327 2752 394 2785 but
415 2751 589 2796 specially
609 2755 648 2785 to
670 2750 776 2785 those
797 2751 878 2785 who
905 2762 968 2785 are
990 2762 1058 2785 our
1078 2752 1270 2797 partakers
1287 2752 1326 2785 in
1346 2753 1514 2798 religion.
1568 2753 1640 2789 See

184 2808 249 2843 the
267 2808 500 2843 Clementine
521 2807 804 2848 Constitutione,
827 2807 1018 2848 Ambrose,
1039 2808 1227 2843 Aristotle.

254 2869 275 2900 3
306 2865 480 2899 Familiar
499 2865 726 2898 intercourse
743 2865 772 2898 is
788 2869 853 2898 not
871 2864 1067 2899 forbidden
1084 2864 1171 2898 with
1192 2871 1377 2911 strangers
1397 2869 1437 2901 to
1455 2865 1639 2912 Religion,

182 2931 253 2956 nor
272 2932 365 2957 even
381 2921 487 2957 those
504 2920 584 2956 who
602 2920 695 2956 have
715 2931 810 2966 gone
830 2921 925 2956 back
944 2921 1042 2956 from
1065 2922 1242 2968 religion3
1267 2922 1335 2958 but
1353 2922 1440 2970 only
1460 2934 1638 2959 unneees-
