2018 3204
326 149 408 188 244
919 156 986 190 Du
1018 156 1199 190 POENIS.
1622 154 1716 201 [Lm.
1737 156 1787 191 11.

329 272 466 308 turam
489 265 673 309 accedit:
706 265 800 322 quia
824 264 926 308 sicut
951 266 1021 322 qui
1045 267 1197 316 vendit,
1221 265 1380 309 etiamsi
1403 265 1503 308 nihil
1527 265 1790 323 peculiariter

327 332 448 383 dicat,
475 332 675 388 obligasse
699 346 742 373 se
774 337 962 373 censetur
990 332 1044 374 ad
1069 347 1117 374 ea
1146 332 1281 374 omnia
1305 347 1396 388 quae
1419 331 1663 374 venditionis
1695 337 1790 374 sunt

327 398 542 446 naturalia,
577 398 634 438 ita
669 397 737 452 qui
770 396 941 452 deliquit
975 412 1048 439 sua
1073 398 1282 440 voluntate
1316 413 1360 440 se
1394 397 1556 440 videtur
1587 397 1790 455 obligasse

326 477 468 519 poenae,
507 462 602 517 quia
625 462 779 503 crimen
814 478 942 519 grave
966 478 1046 504 non
1070 469 1205 519 potest
1228 479 1310 505 non
1333 478 1421 505 csse
1444 463 1636 520 punibile,
1662 464 1721 506 ita
1744 469 1790 506 ut

326 528 395 583 qui
417 528 571 569 directe
596 529 682 570 vult
706 542 889 583 peccare,
926 543 1001 584 per
1020 529 1349 584 consequentiam
1381 535 1422 571 et
1446 544 1606 586 poenam
1639 529 1790 571 mereri

108 607 284 635 11-11›11›e=›·at-
326 593 527 635 voluerit:
559 608 639 648 quo
669 609 791 635 sensu
820 595 1099 650 Imperatores
1131 595 1291 636 cuidam
1321 595 1449 646 aiunt,
1475 598 1588 652 ‘ipse
1615 604 1652 637 tc
1685 597 1791 637 huic

105 638 142 659 34.
160 638 191 659 D.
203 637 300 666 ‹lcjttm

100 671 154 697 sm*

109 684 138 720 ιζ
154 685 200 721 int.
217 698 242 720 C.
256 698 292 721 ad

320 675 457 714 poenae
503 661 751 710 subdidisti,
794 665 836 701 et
873 659 941 715 qui
981 661 1223 702 sceleratum
1263 660 1430 716 capiunt
1467 661 1675 703 consilium
1716 675 1791 703 sua

106 728 274 758 2·J‘¹2·M⁰J'-
326 730 463 766 mente
491 725 597 780 2jam
620 731 707 767 tum
738 725 882 781 puniti,
918 726 960 767 id
985 731 1059 775 est,
1095 741 1169 768 sua
1194 726 1404 768 voluntate
1435 741 1570 783 poenae
1600 726 1791 769 meritum

107 804 292 829 «mmmm.
327 791 577 833 contraxisse
601 791 816 834 dicuntur:
853 797 895 833 et
918 792 1060 833 Tacito
1091 792 1238 833 mulier
1261 806 1353 848 quae
1374 806 1418 834 se
1447 807 1565 835 servo
1597 792 1792 848 conjunx-

102 1002 166 1031 (ἔαρ.
181 1002 205 1024 2.

325 856 424 899 isset
457 856 499 898 in
527 857 765 899 servitutem
796 857 857 899 sui
887 857 1158 900 3consensisse
1190 858 1353 908 dicitur,
1386 858 1482 914 quia
1512 858 1554 901 id
1583 872 1715 915 poenae
1748 857 1792 900 in

325 922 429 964 tales
454 929 544 964 erat
568 923 845 965 constitutum.

422 990 450 1030 4
492 989 671 1030 Michael
690 989 891 1045 Ephesius
909 990 962 1031 ad
981 990 1167 1045 quintum
1189 993 1572 1034 Nicomachiorum
1591 991 1792 1034 Aristote-

324 1054 398 1096 lis:
433 1052 600 1112 ὙέὙονε
626 1054 795 1110 τρόπον
823 1053 920 1098 τινὰ
951 1050 1063 1103 δόσις
1094 1061 1164 1100 καὶ
1194 1060 1349 1117 λῆψις,
1376 1055 1400 1101 ὅ
1426 1055 1524 1102 ἐστι
1554 1056 1610 1101 τὸ
1635 1063 1792 1102 συναλ-

324 1117 521 1164 λάσσειν·
557 1118 713 1175 λαβών
748 1120 839 1180 ’γὰρ
875 1119 1083 1182 χρήματα
1113 1119 1138 1174 ἢ
1174 1119 1290 1167 ἄλλο
1318 1143 1363 1166 τι
1397 1121 1584 1181 κλέψας,
1618 1119 1793 1167 δέδωκεν

325 1184 417 1228 ἀντ’
443 1185 607 1230 ἐκείνων
631 1183 813 1233 εὐθύνας·
851 1196 911 1229 cst
941 1189 1011 1230 liic
1040 1190 1348 1243 quodammodo
1380 1191 1502 1231 datio
1527 1199 1565 1231 ct
1587 1191 1789 1244 acceptiO,

324 1253 373 1292 in
400 1253 553 1306 quibus
588 1254 782 1294 consistit
815 1261 979 1294 natura
1009 1262 1336 1296 contractuum:
1368 1270 1472 1296 nam
1505 1257 1585 1310 qui
1619 1270 1686 1297 res
1713 1262 1792 1297 aut

323 1368 494 1397 absolvant.
535 1368 682 1397 Dicimus
710 1372 811 1398 autem
838 1372 865 1398 et
889 1368 939 1398 luo
957 1380 1025 1407 Ρω-

322 1427 394 1446 nam
407 1428 416 1447 .·
440 1417 494 1446 scd
506 1418 615 1447 melius
629 1422 672 1446 est
686 1418 736 1446 hic
747 1421 908 1456 peceatum
922 1429 930 1447 .-
954 1428 1026 1447 nam

319 1471 481 1506 peccatum
501 1468 632 1496 solvitur
653 1477 766 1505 poena:
791 1469 846 1506 qni
866 1468 945 1496 enim
962 1468 1026 1497 cri-

322 1517 399 1546 mini
414 1521 530 1546 tenetur
546 1518 706 1553 obnoxius,
715 1528 810 1555 poena
825 1528 891 1546 eum
909 1528 929 1546 a
938 1518 1026 1556 pris-

322 1568 390 1596 tina
424 1568 537 1597 liberat
566 1568 777 1606 obliqatione:
810 1567 938 1603 Contra,
975 1568 1026 1596 luo

316 1627 450 1655 paenam,
479 1628 539 1646 non
555 1618 710 1656 procedit,
736 1618 828 1656 quasi
843 1627 938 1655 poena
962 1618 1027 1646 sol-

322 1671 424 1696 vatur.
467 1667 652 1696 Auctoritas
677 1671 777 1695 tamen
805 1667 867 1695 ista
895 1667 1025 1704 confim-

323 1717 369 1745 (lit
392 1717 526 1753 licenter,
550 1726 633 1745 more
657 1726 717 1754 quo
740 1716 816 1745 solet
836 1716 914 1754 poni
936 1717 983 1745 vel
1006 1726 1027 1745 α

321 1766 458 1803 Sequenti
485 1766 569 1803 quod
590 1766 752 1803 prcececlit,
780 1767 827 1796 vel
862 1777 882 1796 α
904 1776 1026 1804 preecc-

323 1815 406 1843 dcntz'
425 1815 510 1852 quod
520 1816 668 1852 seqnitur.
692 1816 781 1843 Idem
796 1815 914 1843 locutio
930 1825 1026 1843 sacrae

322 1864 488 1902 scripturae
516 1865 666 1902 frequens
696 1864 824 1892 indicat.
868 1864 960 1900 Nam,
989 1867 1025 1893 ut

324 1914 539 1942 Tertullianus
568 1914 611 1942 ait
632 1913 668 1942 (Ie
693 1913 855 1949 Oratione,
891 1913 974 1951 (cap.
990 1914 1025 1951 7)

322 1963 473 1991 Debitum
493 1963 525 2004 ⁴⁷}
542 1962 708 2000 scripturis
726 1962 952 2000 delictifiqurcz
972 1966 1024 1999 est,

1094 1375 1185 1400 terrae
1214 1375 1312 1408 motu,
1342 1381 1412 1410 quae
1440 1374 1487 1401 est
1510 1375 1596 1401 tomo
1620 1381 1650 1402 v.
1672 1373 1792 1411 (Immo

1095 1422 1185 1451 Tom.
1196 1431 1241 1451 v1.
1255 1432 1328 1460 pag.
1341 1422 1507 1452 677.Eclit.
1522 1422 1634 1459 Savil.)
1646 1423 1684 1452 de
1697 1423 1792 1452 divite

1092 1472 1148 1500 illo
1163 1481 1260 1509 agens
1277 1472 1330 1509 qui
1343 1471 1462 1500 Lazaro
1484 1472 1665 1509 opponitur,
1684 1475 1716 1502 et
1737 1482 1793 1502 ex-

1094 1521 1214 1558 plicans
1228 1530 1336 1549 vocem
1351 1520 1530 1558 ἀπέλαβες,
1546 1530 1617 1559 quae
1631 1524 1678 1550 est
1691 1522 1723 1550 in
1737 1523 1793 1552 illo

1092 1569 1262 1608 Evangelii
1276 1571 1358 1606 loeo,
1374 1571 1489 1609 (Lucae
1504 1570 1565 1600 xvi.
1589 1571 1644 1609 25)
1669 1572 1793 1610 ἐχρεω-

1095 1621 1238 1649 στοῦντο
1255 1621 1347 1659 αὐτῷ
1359 1621 1528 1658 τιμωρίαι,
1543 1621 1794 1659 ἐχρεωστοῦντο

1094 1672 1184 1708 αὐτῷ
1199 1670 1324 1699 ὀδύναι·
1345 1671 1532 1700 debebantur
1546 1671 1609 1709 ipsi
1616 1681 1726 1709 poenae,
1742 1672 1795 1701 de-

1094 1721 1243 1749 bebantur
1258 1721 1321 1759 ipsi
1336 1721 1467 1750 dolores.
1499 1722 1588 1750 Idem
1604 1730 1642 1752 11.
1661 1722 1698 1751 de
1718 1722 1792 1752 Poe-

1093 1771 1246 1800 nitentia:
1271 1770 1317 1799 τιί
1339 1770 1566 1809 ἁμαρτήματα
1588 1773 1632 1800 εἰς
1654 1771 1795 1810 ὀφειλή-

1092 1833 1183 1858 ματα
1206 1820 1462 1859 α’ναγράφεται·
1481 1824 1614 1859 peccata
1635 1822 1680 1850 ad
1699 1821 1795 1850 debiti

1092 1878 1190 1907 glenus
1204 1870 1391 1907 referuntur.
1426 1870 1493 1908 [Ibi
1508 1873 1568 1907 est,
1591 1869 1631 1899 ὥς
1653 1870 1794 1908 ὀφειλή-

1092 1930 1183 1956 ματα
1207 1918 1263 1947 &c.
1287 1919 1377 1948 Tom.
1394 1928 1439 1948 τι.
1462 1929 1536 1957 pag.
1553 1919 1639 1957 771]
1661 1921 1792 1957 Augus-

1092 1969 1177 1997 tinus
1196 1977 1247 1996 111.
1271 1968 1308 1996 de
1329 1968 1424 1997 libero
1446 1969 1608 1998 Arbitrio:
1632 1969 1743 2007 Itaque
1763 1970 1792 1999 si

322 2011 407 2049 quod
417 2011 547 2049 perinde
555 2011 682 2047 judicio
704 2011 861 2047 debeatur,
877 2014 905 2040 ct
927 2011 966 2040 ab
989 2021 1022 2040 eo

321 2060 476 2099 coez'qatur.
528 2061 772 2099 Chrysostomus
806 2060 949 2089 oratione
984 2061 1023 2089 de

1091 2028 1151 2046 non
1165 2017 1268 2046 reddit
1268 2017 1420 2055 faciendo
1427 2017 1597 2054 justitiam,
1611 2018 1718 2047 reddet
1726 2028 1790 2056 pa-

1091 2069 1193 2098 tiendo
1202 2068 1360 2097 miseriam
1372 2079 1381 2097 .·
1399 2067 1474 2106 quia
1489 2068 1520 2097 in
1532 2071 1659 2106 utroque
1669 2069 1792 2098 verbum

321 2234 403 2269 who
427 2234 614 2280 punishes,
643 2234 682 2268 in
713 2233 824 2269 order
848 2238 887 2269 to
912 2234 1048 2280 punish
1076 2232 1226 2279 rightly,
1253 2232 1368 2279 ought
1394 2235 1433 2266 to
1460 2231 1554 2266 have
1582 2241 1604 2265 a
1628 2230 1728 2276 right
1748 2234 1787 2265 to

321 2291 467 2337 punish,
479 2291 599 2325 which
625 2291 724 2336 right
741 2292 854 2326 arises
871 2291 968 2326 from
986 2291 1050 2326 the
1069 2291 1314 2336 delinquency
1331 2289 1374 2324 of
1396 2289 1460 2324 the
1478 2287 1656 2322 offender.
1705 2287 1791 2321 And

321 2349 360 2382 in
372 2348 446 2383 this
461 2351 609 2389 matter,
627 2348 733 2383 there
749 2349 778 2382 is
795 2348 953 2383 another
968 2348 1076 2393 thing
1088 2348 1207 2382 which
1225 2346 1453 2393 approaches
1466 2350 1505 2379 to
1521 2345 1586 2379 the
1602 2347 1736 2378 nature
1752 2343 1797 2378 of

322 2409 529 2446 contracts3
556 2405 639 2439 that
656 2416 695 2439 as
712 2405 760 2439 he
781 2405 863 2439 who
884 2406 982 2447 sells,
1009 2404 1188 2450 although
1209 2405 1256 2439 he
1278 2415 1343 2450 say
1363 2402 1520 2447 nothing
1539 2401 1790 2447 particularly,

321 2463 351 2496 is
373 2462 572 2497 conceived
592 2466 631 2497 to
652 2462 746 2497 have
765 2462 911 2508 obliged
934 2462 1087 2497 himself
1100 2465 1139 2496 to
1162 2462 1212 2496 all
1228 2461 1292 2496 the
1314 2460 1437 2505 things
1458 2458 1578 2493 which
1599 2469 1662 2492 are
1680 2461 1790 2492 natu-

321 2520 377 2553 ral
398 2523 436 2554 to
455 2519 609 2564 selling3
635 2530 674 2554 so
695 2519 744 2554 he
761 2519 842 2554 who
859 2519 926 2553 has
949 2519 1104 2564 wilfully
1122 2518 1305 2560 offended,
1329 2528 1447 2552 seems
1468 2520 1508 2550 to
1524 2515 1619 2549 have
1640 2514 1791 2559 obliged

320 2575 474 2611 himself
487 2580 525 2611 to
543 2576 710 2621 undergo
727 2576 966 2622 punishment
977 2589 986 2618 3
1012 2577 1169 2611 because
1189 2586 1300 2621 grave
1318 2575 1431 2609 crime
1449 2576 1586 2607 cannot
1602 2572 1649 2606 be
1666 2571 1791 2606 other-

321 2634 406 2667 wise
427 2633 517 2667 than
539 2633 779 2678 punishable:
813 2645 853 2668 so
882 2633 964 2668 that
989 2633 1037 2668 he
1067 2633 1148 2667 who
1176 2632 1333 2677 directly
1357 2631 1448 2664 wills
1473 2634 1512 2664 to
1535 2629 1670 2670 offend,
1691 2633 1790 2662 must

321 2689 398 2723 also
427 2690 478 2735 by
508 2701 760 2735 consequence
785 2690 879 2725 have
903 2691 1026 2724 willcd
1047 2694 1086 2725 to
1107 2690 1213 2724 incur
1240 2688 1492 2735 punishment.
1545 2686 1630 2720 And
1655 2686 1693 2718 in
1715 2685 1788 2718 this

322 2756 440 2786 sense,
462 2746 526 2780 the
549 2758 738 2792 emperors
761 2758 825 2793 say
853 2751 892 2781 to
914 2748 1004 2782 such
1026 2759 1047 2781 a
1074 2758 1221 2792 person,
1240 2747 1318 2780 Yon
1339 2746 1423 2778 have
1446 2743 1615 2790 subjected
1629 2741 1796 2787 yoursetf

323 2808 356 2835 to
374 2802 439 2835 this
456 2804 681 2846 punislmncnt
696 2817 709 2842 ;
736 2816 774 2838 as
792 2804 898 2838 those
916 2804 996 2839 who
1015 2804 1101 2838 take
1119 2803 1260 2838 wicked
1277 2802 1444 2837 counsels
1462 2812 1525 2834 are
1542 2799 1621 2834 said
1638 2802 1676 2832 to
1693 2797 1787 2831 have

322 2858 473 2903 already
493 2858 664 2894 incurred
685 2861 924 2905 punishment
948 2862 988 2894 in
1016 2861 1114 2895 their
1132 2872 1212 2895 own
1237 2858 1435 2904 thoughts:
1469 2856 1543 2890 and
1568 2857 1605 2889 in
1628 2854 1788 2894 Tacitus,

322 2926 344 2949 a
371 2925 514 2949 woman
532 2915 612 2949 who
634 2916 706 2949 had
723 2917 853 2961 joined
874 2917 1017 2952 herself
1035 2921 1073 2952 to
1092 2929 1113 2951 a
1134 2917 1232 2951 slave
1256 2917 1285 2950 is
1314 2915 1391 2950 said
1410 2918 1448 2948 to
1474 2913 1567 2946 have
1585 2911 1788 2946 consented
