2018 3204
142 286 201 310 Lib.
218 286 236 310 i.
249 293 295 310 seu

141 318 221 342 Ateio.
237 324 258 341 c.
275 318 311 340 16.

145 348 202 372 Lib.
217 348 233 372 i.
243 349 266 372 2.
283 348 296 379 ς’
311 348 332 371 l.

149 764 264 787 Panalh.
278 771 304 794 p.

145 795 189 821 187
201 801 225 818 Β.
237 795 312 818 Tom.
325 800 343 818 1.

147 960 223 983 Orat.
240 959 329 984 Leuc(-

147 995 165 1013 1.
181 997 206 1019 p.
220 990 287 1013 8923.

146 1020 222 1043 Tom.
237 1026 267 1044 11.

148 1290 177 1313 H
180 1290 220 1313 ist.
235 1290 322 1312 (iv-(ec.

146 1320 180 1344 vi.
192 1321 214 1342 5.
227 1325 255 1343 n.
269 1320 306 1343 38.

145 1620 171 1644 p.
186 1613 264 1637 1143.

355 1218 482 1270 fizmt.

657 98 725 132 DE
758 95 1026 131 POENARUM
1058 95 1281 130 COMMUN
1284 94 1493 130 ICATION
1496 95 1538 128 E.
1653 90 1749 139 [Lm.
1770 93 1822 128 11.

460 211 486 252 2
534 209 641 250 Erat
664 208 774 263 apud
799 204 1070 247 Athenienses
1101 204 1188 246 Ara
1210 203 1524 257 Misericordiae,
1549 203 1662 259 cujus
1686 203 1825 245 memi-

362 281 514 318 nerunt
547 274 725 322 ⁵Cicero,
753 270 995 321 Pausanias,
1025 270 1230 319 ³Servius,
1264 269 1389 311 etiam
1414 269 1664 325 Theophilus
1688 268 1729 310 in
1754 269 1824 310 In-

362 340 652 387 suffitionibus,
678 343 720 380 et
743 351 866 392 quam
888 337 971 394 late
999 335 1192 378 describit
1221 335 1419 391 Papinius
1447 334 1684 377 duodecimo
1718 336 1826 378 The-

365 409 526 450 baidos.
583 405 640 446 At
661 403 808 459 quibus
830 403 1000 459 patebat
1021 402 1126 445 illa?
1179 401 1297 444 Audi
1319 405 1485 458 poetam
1510 402 1632 456 (vers.
1658 401 1791 454 483):

825 483 875 518 Et
897 482 1021 518 miseri
1040 482 1164 517 fecere
1184 492 1347 517 sacram:

362 566 458 593 mox
483 548 716 592 convenisse
737 562 784 591 eo
808 548 867 590 ait
889 549 1011 602 (vers.
1038 547 1167 602 507):

788 628 917 663 Victos
937 627 1044 662 bellis
1065 627 1259 672 patriaque
1278 637 1301 661 a
1321 626 1408 662 sede
1428 625 1587 672 fugatos,

594 687 885 732 Regnorumque
905 685 1046 730 inopes.

365 752 567 796 Aristides
601 747 839 808 bpropriam
868 748 1179 792 Atheniensium
1207 748 1370 791 laudem
1402 762 1490 790 esse
1521 748 1593 798 ait,
1627 746 1707 801 τήν
1738 750 1828 792 τῶν

365 817 648 879 πανταχόθεν
679 813 1013 876 δυστυχούντων
1046 811 1265 876 ὑποδοχήν
1299 813 1366 858 καὶ
1398 814 1686 872 παραμυθίαν,
1716 816 1827 871 qaod

364 887 557 929 omnibus
590 885 775 939 undique
802 884 1047 937 infelicibus
1070 882 1274 937 persuyio
1305 896 1359 923 ac
1392 881 1547 923 solatio
1586 889 1701 924 esset.
1770 881 1828 922 Et

365 951 486 994 alibi:
523 952 611 997 τοῖς
637 946 729 993 καθ’
762 946 971 995 ἑκάστους
996 946 1211 1008 ἀτυχοῦσι
1239 945 1354 998 κοινή
1378 948 1512 990 πᾶσιν
1542 944 1730 991 ὕπεστιν
1761 943 1827 990 εὖ·

366 1018 515 1077 τυχὶα,
539 1014 690 1068 τὸτῆς
721 1013 892 1061 πόλεως
917 1012 1082 1065 ταύτης
1104 1009 1199 1065 ἦθος
1224 1010 1299 1074 ὑφ’
1323 1008 1371 1056 05
1394 1008 1624 1073 σώζονται·
1660 1015 1728 1055 his
1752 1014 1829 1068 qui

365 1086 506 1126 ubivis
530 1084 715 1125 locorum
738 1082 928 1136 infelices
951 1086 1062 1128 sunt,
1086 1081 1319 1121 communis
1342 1080 1402 1121 eis
1425 1094 1515 1120 ima
1542 1087 1602 1121 est
1611 1080 1827 1134 felicitas,

366 1152 535 1192 bonitas
581 1149 774 1191 civitatis
814 1147 1097 1194 Atheniensis,
1132 1161 1215 1200 per
1256 1160 1386 1200 quam
1421 1145 1579 1187 salutis
1622 1152 1830 1200 compotes

552 1213 676 1269 Apud
723 1212 1039 1267 Xenophontem
1070 1210 1280 1252 Patrocles
1320 1209 1523 1251 Phliasius
1559 1209 1602 1251 in
1642 1210 1828 1252 oratione

364 1295 487 1337 quam
513 1279 685 1322 Athenis
708 1278 888 1319 habebat
907 1294 915 1319 τ
940 1274 1121 1337 ἐζήλουν
1138 1271 1268 1328 τήνδε
1290 1273 1373 1327 τήν
1397 1271 1541 1325 πόλιν,
1566 1274 1637 1318 ὅτι
1660 1273 1826 1322 πάντας

365 1345 434 1390 Καὶ
460 1343 559 1392 ‘solis
588 1339 871 1396 ἁδίΚΟυμ-ἑνθυς
894 1342 960 1386 Καὶ
983 1340 1083 1389 ΤΟὐς
1109 1339 1405 1403 φυβΟυμὲὶὌίΙς
1431 1337 1581 1384 ἐνθάδε
1603 1340 1828 1402 Καταψεύ-

364 1431 530 1470 ’γοντας
570 1408 812 1466 ἐπικουρίας
846 1404 1063 1457 δεομένους
1107 1405 1257 1460 ἤκουον
1297 1404 1552 1465 τυγχάνειν·
1591 1409 1828 1450 laudabam

363 1480 475 1520 Itane
497 1479 654 1526 urbem,
689 1477 803 1532 quod
826 1490 965 1517 omnes
999 1482 1077 1516 aut
1100 1475 1269 1528 injuria
1296 1475 1480 1528 affectos,
1507 1481 1584 1514 aut
1612 1475 1699 1515 sibi
1712 1489 1829 1529 proe-

364 1552 604 1593 metuentes,
637 1545 675 1584 si
707 1543 789 1583 Ιιιιο
810 1541 1111 1596 peofuyissent,
1144 1540 1305 1581 auxilii
1340 1547 1547 1594 compotes
1568 1541 1671 1593 fieri
1704 1540 1830 1582 intel-

367 1612 566 1652 [emeram.
637 1608 753 1649 Idem
789 1621 929 1648 sensus
959 1612 1022 1649 est
1051 1606 1093 1647 in
1123 1605 1294 1661 epistola
1316 1604 1607 1646 Demosthenis
1636 1619 1712 1661 pro
1743 1606 1830 1662 Ly-

365 1675 481 1732 curgi
504 1674 655 1717 liberis.
694 1675 840 1728 Itaque
866 1671 1052 1728 OEdipus
1078 1671 1132 1713 ad
1159 1670 1356 1713 Colonum
1382 1669 1632 1727 confugiens,
1663 1670 1707 1712 in
1741 1671 1829 1726 ejus

364 1740 536 1782 nominis
551 1739 769 1797 tragoedia,
784 1738 917 1794 Capud
935 1737 1178 1794 Sophoclem
1193 1737 1251 1778 ita
1265 1742 1440 1778 testatur
1456 1737 1577 1790 (vers.
1589 1737 1689 1787 521,
1706 1739 1800 1792 etc.)
1818 1753 1829 1779 :

364 1845 517 1874 Ludovici
533 1844 573 1873 ad
593 1853 626 1872 se
640 1843 865 1881 profugerant:
890 1842 1064 1880 Aymonius

363 1897 431 1925 Lib.
449 1904 479 1925 V.
502 1904 569 1933 cap.
584 1895 634 1923 34.
675 1894 725 1922 De
746 1893 875 1930 Cegena
895 1892 1064 1921 Patzinaca

364 1955 426 1974 non
450 1944 556 1973 dedito
575 1942 751 1981 postulanti
773 1942 915 1981 Tyracho
938 1942 1009 1970 vide
1032 1941 1063 1969 in

365 1993 567 2024 Constantini
578 1991 780 2022 Monomachi
792 1992 885 2020 rebus
897 1991 1063 2026 Zonaram,

364 2045 445 2081 (Lib.
462 2052 548 2072 xvu.
570 2052 639 2080 cap.
654 2041 702 2071 26.
748 2041 808 2069 Ed.
826 2040 918 2078 Req.)
961 2039 1011 2068 Sic
1032 2042 1064 2068 et

366 2095 520 2123 Osmanes
554 2093 593 2121 ab
622 2091 783 2129 Inungino
811 2090 963 2128 praefeeto
998 2098 1063 2117 non

363 2144 489 2172 deditus
513 2142 671 2171 Eskisari:
692 2140 902 2170 Leunelavius
920 2139 1002 2167 libro
1023 2147 1060 2167 11.

363 2194 514 2223 Historiae
538 2192 683 2222 Turcz'cae.
725 2189 979 2228 Albuquercium
997 2189 1063 2217 Lu-

364 2243 457 2273 sitani
472 2251 535 2271 non
554 2241 712 2277 dedidere,
734 2243 771 2269 ut
789 2241 945 2268 memorat
965 2238 1063 2267 Mari-

1132 1851 1193 1870 ana
1207 1841 1268 1870 xvi.
1283 1843 1331 1870 18.

1193 1891 1205 1908 ⁵
1226 1891 1323 1928 Apud
1339 1891 1544 1920 Scholiastem
1561 1891 1663 1928 Statii,
1679 1893 1711 1921 in
1727 1893 1829 1924 Theb.

1132 1949 1197 1969 XII.
1214 1942 1285 1971 481.
1299 1941 1352 1969 ubi
1367 1940 1455 1978 quasi
1470 1950 1507 1969 ex
1524 1941 1618 1969 Libro
1634 1941 1830 1972 Tusculana-

1132 1999 1202 2019 rum
1224 1990 1256 2018 id
1274 1990 1380 2019 refert.
1424 1990 1486 2019 Sed
1509 1991 1553 2019 nil
1575 1991 1614 2020 de
1636 2000 1673 2020 ea
1694 1992 1762 2021 Ara
1785 1993 1829 2021 ibi

1131 2040 1300 2078 reperitur.
1342 2039 1377 2068 J.
1392 2039 1435 2069 B.

1190 2095 1204 2110 ἃ
1225 2088 1370 2127 Servius]
1390 2089 1445 2118 Ad
1461 2097 1542 2119 vm.
1555 2090 1720 2129 AEneisios,
1736 2091 1828 2129 (vers.

1131 2139 1214 2176 342.)

1192 2187 1205 2209 b
1229 2188 1403 2226 Propriam
1429 2188 1661 2218 Atheniensium
1687 2189 1828 2229 laudem]
1873 2202 1877 2203 ⁷

1133 2238 1236 2273 Quam
1247 2238 1433 2276 Arragoniis
1443 2239 1555 2268 tribuit
1564 2239 1707 2268 Mariana
1715 2249 1767 2270 XX.
1779 2242 1828 2270 13.

364 2402 465 2426 same
494 2389 586 2425 rule.

644 2388 725 2423 The
757 2387 991 2423 Chalcidians
1023 2386 1145 2422 would
1174 2391 1242 2422 not
1272 2388 1355 2433 give
1387 2398 1437 2433 up
1469 2386 1655 2432 Nauplius
1685 2389 1726 2421 to
1763 2385 1829 2421 the

364 2449 568 2487 Achaian53
598 2446 667 2481 but
687 2445 751 2480 the
773 2456 881 2479 cause
902 2445 932 2479 is
953 2444 1086 2485 added,
1102 2444 1261 2479 because
1282 2445 1329 2479 he
1346 2444 1420 2478 had
1440 2443 1661 2490 sufficiently
1681 2443 1828 2479 cleared

364 2504 518 2539 himself
533 2504 632 2537 from
653 2503 717 2537 the
735 2502 966 2536 accusations
984 2501 1027 2535 of
1043 2501 1108 2536 the
1128 2501 1324 2536 Achaians.

437 2566 458 2595 2
488 2561 611 2595 There
632 2571 704 2594 was
725 2563 763 2594 at
780 2558 922 2593 Athens
939 2569 987 2592 an
1004 2558 1110 2592 Altar
1132 2558 1174 2592 of
1198 2558 1338 2604 Merey,
1361 2557 1575 2592 mentioned
1592 2557 1642 2603 by
1660 2557 1788 2591 Cicero
1797 2557 1830 2598 *‚

364 2618 579 2658 Pausanias,
606 2617 767 2657 Servius,
793 2615 1031 2661 Theophilus,
1061 2615 1134 2649 and
1166 2615 1359 2649 described
1384 2619 1423 2649 at
1451 2614 1582 2660 length
1611 2614 1662 2660 by
1687 2614 1828 2648 Statius

365 2675 403 2708 in
423 2675 479 2709 his
507 2674 672 2709 Thebaid.
724 2674 798 2707 But
814 2676 853 2707 to
877 2672 997 2706 whom
1019 2683 1089 2706 was
1111 2673 1140 2706 it
1158 2672 1382 2706 accessible?
1427 2671 1507 2706 The
1527 2674 1617 2716 poet
1636 2682 1729 2715 says,
1758 2671 1828 2704 The

364 2732 545 2765 miserable
564 2731 667 2765 made
691 2731 718 2765 it
737 2730 885 2764 sacred:
911 2729 984 2763 and
1005 2729 1108 2770 adds,
1130 2729 1212 2763 that
1232 2729 1322 2763 those
1341 2729 1416 2762 who
1439 2739 1535 2763 came
1559 2728 1707 2773 toyether
1727 2728 1828 2767 there,

425 2805 442 2821 ³*
465 2806 592 2839 Quoted
607 2807 646 2844 by
661 2807 716 2835 the
732 2806 888 2835 Scholiast
902 2814 942 2834 on
960 2806 1089 2840 Statius,
1110 2805 1201 2835 Theb.
1219 2814 1284 2835 XII.
1300 2806 1368 2842 481,
1383 2805 1489 2834 where
1504 2805 1544 2833 he
1560 2804 1658 2833 refers
1678 2804 1704 2833 it
1718 2806 1751 2832 to
1772 2802 1826 2831 the

364 2854 542 2883 Tusculans
557 2865 565 2883 ε
584 2855 643 2883 but
658 2855 689 2882 in
704 2855 774 2884 that
788 2856 876 2884 work
891 2855 981 2884 there
996 2854 1022 2882 is
1038 2853 1174 2892 nothing
1187 2855 1286 2884 about
1300 2854 1376 2884 such
1390 2863 1430 2883 an
1447 2853 1537 2882 altar.
1578 2852 1599 2883 J
1605 2853 1659 2883 .B.
