2018 3204
231 184 320 220 CAP.
340 180 448 225 XX.]
819 181 886 215 DE
917 180 1099 216 POENIS.
1611 177 1694 218 287

232 295 391 346 partem
416 287 595 344 priorem
620 287 676 329 sic
700 287 902 344 expressit
927 287 1095 330 Cicero:
1146 289 1229 329 Via
1251 288 1330 341 jm
1333 288 1371 328 is
1402 288 1608 341 ejusmodi
1631 298 1691 331 est
1711 308 1795 337 Αιρ.
1802 307 1845 334 r
1858 308 1877 335 ι,
1886 308 1908 330 2.

233 357 491 411 quibusdam
517 355 565 396 in
599 355 735 402 rebus,
767 362 815 395 ut
844 355 959 395 nihil
992 355 1051 395 sit
1085 354 1168 395 loci
1195 354 1387 408 qratiae:
1421 353 1690 408 posteriorem
1711 345 1732 361 ⁰
1747 339 1770 361 ³

235 421 291 462 sic
329 420 439 461 Dion
484 419 733 461 Prusaeensis
780 418 965 460 oratione
1011 418 1065 460 ad
1109 418 1438 460 Alexandrinos:
1487 421 1689 479 χρηστοῦ
1712 435 1870 465 Pagasae.

234 482 459 543 ἡγεμόνος,
489 483 751 542 συγγνώμη·
790 485 887 526 boni
915 486 1124 540 prcesz‘dis
1154 493 1226 533 est,
1260 486 1486 539 iynoscere.
1557 486 1690 526 Favo-

234 551 350 592 rino:
385 548 409 602 ἡ
445 550 683 601 καλουμένη
722 546 847 609 χάρις
883 547 1004 609 παρὰ
1038 569 1132 596 τοις
1166 547 1416 609 ανθρωποις,
1455 552 1593 594 τοῦτο
1617 546 1690 594 ’e'o-
1709 561 1871 616 ‚ApudGell

235 635 304 659 τιν
338 611 495 675 ἄφεσις
530 613 754 673 ἀκριβείας
788 613 833 658 ἐν
868 610 1026 658 δέοντι·
1059 630 1111 656 ea
1144 631 1237 670 quae
1266 617 1431 657 dicitur
1466 618 1689 658 clementia

234 682 356 736 apud
377 682 576 729 homines,
602 690 662 723 est
687 683 934 735 tempestiva
958 681 1171 722 relaxatio
1195 683 1246 723 de
1269 696 1429 723 summo
1442 683 1556 735 jutae

335 746 488 787 XXIII
493 779 500 787 .
571 747 747 787 Possunt
768 752 905 787 autem
930 746 1012 787 tria
1041 746 1129 787 haec
1153 760 1379 796 occurrere,
1405 752 1477 788 aut
1501 753 1546 788 ut
1570 761 1689 802 poena

235 811 397 853 omnino
421 810 473 853 sit
493 811 710 868 exigenda,
736 814 804 853 eut
834 811 875 852 in
907 811 1070 866 pessimi
1093 811 1269 866 exempli
1293 811 1524 860 sceleribus,
1548 818 1620 853 aut
1643 818 1690 853 ut

235 877 397 918 omnino
438 892 520 918 non
559 877 774 934 exigenda,
817 882 863 918 ut
903 876 936 918 si
976 877 1126 918 bonum
1172 876 1378 931 publicum
1425 877 1556 917 omitti
1600 891 1688 918 eam

236 942 393 999 exigat,
418 947 490 984 aut
513 948 559 984 ut
582 943 703 984 liceat
727 941 955 984 utrumvis:
989 955 1068 996 quo
1100 941 1281 997 pertinet
1305 941 1413 996 quod
1437 941 1496 983 ait
1520 942 1689 991 Seneca,
1713 959 1907 987 mmmmm

235 1007 491 1049 clementiam
512 1008 686 1049 liberum
716 1008 870 1049 habere
898 1006 1127 1048 arbitrium.
1198 1006 1338 1048 Parcit
1368 1011 1477 1056 tunc,
1503 1007 1692 1063 inquiunt

238 1073 374 1122 Stoici,
397 1073 571 1129 sapiens,
596 1088 677 1115 non
701 1072 885 1131 ignoscit.
945 1072 1071 1122 Quasi
1094 1086 1193 1113 vero
1217 1072 1334 1114 nobis
1354 1087 1435 1113 non
1458 1072 1578 1115 liceat
1602 1088 1691 1115 cum

236 1138 360 1195 vulgo
398 1139 589 1194 loquendi
626 1139 789 1180 domino
827 1138 1038 1195 ignoscere
1079 1152 1239 1187 vocare,
1277 1138 1387 1193 quod
1422 1153 1594 1194 parcere
1634 1139 1693 1180 illi

235 1208 394 1245 vocant.
457 1204 660 1245 Nimirum
697 1210 738 1246 et
772 1203 838 1245 hic
873 1209 915 1245 et
949 1203 1058 1253 alibi,
1089 1209 1136 1245 ut
1167 1203 1325 1253 Cicero,
1354 1204 1534 1246 Galenus
1568 1211 1693 1260 atque

234 1268 303 1310 alii
344 1274 552 1318 notarunt,
599 1284 751 1326 magna
790 1283 887 1325 pars
935 1269 1163 1311 Stoicarum
1205 1269 1526 1325 disputationum
1567 1266 1694 1312 fcirca

235 1348 355 1376 voces
396 1335 659 1384 consumitur,
697 1335 807 1390 quod
846 1334 1087 1390 philosopho
1125 1335 1311 1390 apprime
1352 1337 1576 1377 cavendum
1617 1342 1690 1377 est.

235 1400 345 1441 Nam
367 1405 413 1442 ut
437 1400 648 1441 verissime
672 1401 776 1442 dixit
805 1400 980 1455 scriptor
1011 1400 1064 1441 ad
1096 1401 1377 1442 Herennium:
1413 1403 1610 1443 vitiosum
1634 1411 1693 1444 est
1711 1412 1768 1436 Lib·
1786 1412 1863 1435 ii-2st

236 1468 568 1507 contr-ovensiam
619 1467 836 1507 intendere
878 1474 1060 1520 propter
1114 1468 1334 1507 nominum
1387 1469 1693 1509 mutationem.

237 1531 346 1585 quod
390 1531 632 1573 Aristoteles
678 1531 852 1579 d1xerat,
902 1527 1176 1585 ευλαβητὲον
1223 1528 1277 1573 τὸ
1322 1551 1429 1589 προς
1475 1551 1528 1574 το
1561 1553 1692 1584 οιομα
1717 1547 1809 1575 T01²

238 1591 536 1653 διαλέγεσθαι.
1714 1577 1736 1606 <
1742 1577 1763 1603 7
1770 1578 1778 1605 )

338 1662 497 1703 XXIV.
546 1663 568 1703 1
616 1661 751 1716 Major
779 1675 866 1703 esse
899 1661 1113 1703 difficultas
1140 1661 1305 1704 videtur
1340 1668 1432 1718 post
1455 1663 1588 1720 legem
1613 1678 1696 1720 poe-·

237 1793 264 1819 et
276 1793 421 1818 naturam
435 1792 462 1819 et
476 1790 571 1818 vitam
585 1790 750 1818 humanam
765 1790 872 1826 violat,
887 1791 933 1819 ita
1001 1800 1104 1826 usum,
1125 1793 1160 1820 ut
1179 1791 1223 1819 ait
1244 1791 1433 1820 Scholiastes
1448 1791 1586 1822 Horatii.
1629 1793 1697 1821 Au-

236 1843 270 1869 ut
284 1841 338 1878 qui
352 1840 386 1868 id
399 1849 459 1868 non
475 1841 591 1877 Jmniat
613 1843 640 1869 ct
660 1841 725 1878 ipse
742 1841 773 1869 in
788 1844 933 1869 naturam
1002 1841 1149 1878 gustinus
1164 1843 1274 1869 contra
1291 1841 1503 1870 academicos:
1526 1845 1614 1880 turpe
1632 1843 1696 1871 dis-

233 1893 348 1928 peccet.
390 1889 514 1929 (Anliq.
539 1891 616 1920 Jud.
641 1899 728 1920 xvu.
758 1890 775 1928 ξ
797 1892 826 1920 5.
868 1890 933 1919 Ed.
1000 1890 1181 1927 putantibus
1195 1890 1226 1918 in
1242 1890 1401 1918 verborum
1415 1891 1577 1928 quastione
1592 1892 1696 1920 immo-

239 1939 360 1977 Huds.)
1004 1938 1085 1973 rari,
1107 1947 1173 1967 cnm
1188 1941 1339 1967 certamen
1356 1939 1473 1968 nullum
1491 1940 1528 1968 de
1547 1941 1636 1970 rebus
1652 1952 1698 1970 re—

297 1989 308 2010 f
329 1988 424 2018 Circa
459 1998 544 2018 voces
579 1988 782 2027 consumitur]
836 1989 936 2018 Extra
1004 1988 1161 2016 manserit.
1203 1987 1295 2025 (Cap.
1311 1988 1353 2025 2.)

240 2161 378 2198 oppose
404 2151 722 2185 insurmountable
752 2150 944 2185 obstacles.
999 2150 1048 2184 So
1080 2151 1249 2195 Sopater,
1280 2150 1421 2191 Cicero,
1451 2151 1523 2185 Dio
1554 2151 1699 2186 Prusae-

240 2209 348 2249 ensis,
368 2208 582 2242 Favorinus.

316 2265 465 2298 XXIII.
528 2263 648 2297 These
674 2273 773 2297 cases
799 2274 883 2308 may
914 2273 1044 2296 occur:
1077 2261 1159 2296 that
1185 2262 1423 2307 punishment
1447 2274 1533 2309 may
1554 2265 1700 2310 require

244 2321 451 2366 absolutely
468 2324 506 2354 to
524 2320 570 2354 be
592 2319 755 2360 exacted,
775 2330 814 2353 as
836 2319 873 2352 in
898 2319 1028 2352 crimes
1047 2318 1087 2352 of
1105 2330 1193 2364 very
1212 2319 1285 2353 bad
1306 2320 1472 2364 example
1486 2331 1597 2361 3—or
1616 2333 1701 2367 may

244 2377 291 2411 be
307 2378 350 2411 fit
366 2381 433 2410 not
450 2381 489 2410 to
509 2377 557 2410 be
578 2375 742 2415 exactcd,
766 2387 805 2409 as
834 2375 865 2409 if
884 2375 948 2409 the
973 2375 1097 2420 public
1121 2375 1218 2420 good
1243 2376 1389 2420 require
1411 2377 1440 2410 it
1464 2380 1503 2411 to
1524 2377 1571 2412 be
1592 2378 1701 2412 omit-

244 2433 307 2467 ted
320 2443 430 2473 ;—or
450 2432 570 2467 either
589 2443 718 2466 course
736 2443 819 2477 may
840 2432 887 2466 be
907 2431 1117 2466 allowable:
1151 2432 1267 2472 when,
1288 2443 1326 2466 as
1349 2432 1490 2467 Seneca
1511 2445 1605 2479 says,
1626 2434 1701 2469 Cle-

244 2501 364 2534 nzency
385 2490 448 2523 has
464 2490 546 2536 free
562 2489 647 2523 will.
710 2488 827 2530 Then,
852 2500 916 2534 say
935 2488 999 2523 the
1022 2489 1151 2530 Stoics,
1175 2489 1238 2523 the
1258 2489 1342 2523 wise
1368 2500 1453 2523 man
1478 2501 1613 2535 spares,
1634 2491 1701 2525 but

245 2546 334 2580 does
349 2550 415 2580 not
430 2546 591 2591 pardon:
619 2556 658 2579 as
675 2545 708 2579 if
723 2557 773 2580 we
786 2545 903 2591 might
921 2550 997 2586 not,
1008 2545 1095 2579 with
1113 2557 1283 2580 common
1297 2557 1418 2591 usage,
1437 2547 1504 2580 call
1520 2547 1601 2582 that
1611 2560 1701 2592 par-

244 2604 324 2643 don,
344 2602 462 2637 which
483 2602 571 2648 they
591 2602 661 2637 call
681 2603 841 2647 spariny.
903 2603 948 2636 In
972 2602 1049 2636 fact
1068 2602 1157 2637 here
1178 2603 1252 2636 and
1273 2603 1482 2644 elsewhere,
1503 2615 1542 2638 as
1564 2604 1703 2645 Cicero,

247 2659 366 2694 Galen
383 2659 456 2693 and
477 2659 601 2694 others
622 2659 716 2693 have
736 2659 861 2699 noted,
878 2670 900 2692 a
919 2663 1024 2703 great
1050 2663 1134 2704 part
1155 2659 1197 2693 of
1209 2659 1273 2693 the
1302 2659 1546 2704 disputations
1569 2661 1612 2695 of
1638 2661 1702 2696 the

247 2715 366 2750 Stoics
384 2716 413 2750 is
435 2715 549 2750 about
566 2716 694 2756 words,
723 2715 840 2749 which
866 2727 888 2749 a
907 2715 1146 2761 philosopher
1175 2715 1290 2761 ought
1311 2716 1489 2762 carefully
1515 2721 1553 2751 to
1580 2718 1698 2752 avoid.

248 2773 298 2807 So
318 2772 382 2806 the
399 2773 522 2807 writer
541 2776 579 2806 to
597 2772 806 2806 Herennius
828 2771 899 2805 and
919 2771 1095 2806 Aristotle
1120 2782 1195 2817 say.

323 2829 468 2864 XXIV.
532 2833 549 2863 1
592 2828 713 2863 There
745 2839 862 2862 seems
898 2832 937 2862 to
967 2828 1014 2862 be
1047 2839 1069 2861 a
1105 2832 1252 2873 greater
1286 2828 1475 2876 difficulty,
1504 2829 1601 2865 after
1638 2830 1703 2865 the

247 2886 357 2932 penal
374 2886 440 2920 law
459 2886 489 2919 is
510 2885 723 2926 instituted;
748 2885 905 2919 because
928 2884 991 2919 the
1013 2884 1146 2919 author
1168 2885 1210 2919 of
1227 2884 1290 2919 the
1307 2885 1374 2919 law
1403 2886 1432 2920 is
1453 2887 1490 2920 in
1516 2898 1538 2921 a
1563 2888 1703 2922 certain
