2018 3204
96 521 183 545 Phtrn.
198 528 223 544 v.

93 552 161 576 1642.

89 808 163 832 Stob.
177 809 217 832 tit,
230 809 269 836 77.

89 839 164 862 liber.
176 840 285 869 parent.

88 869 242 894 honorand.

88 1014 149 1038 Lib.
165 1015 191 1038 ii.
206 1015 228 1042 7.

86 1335 158 1358 Dch.
172 1335 225 1363 271.

315 133 398 174 446
562 139 630 175 DE
663 139 841 175 CAUSIS
872 138 1044 174 JUSTIS
1075 138 1145 174 UT
1174 139 1397 181 BELLUM,
1425 140 1534 175 ETC.
1616 139 1713 184 [LIB.
1728 141 1777 176 11.

312 251 453 306 sequio
473 265 556 292 esse
576 264 651 292 nos
673 257 875 304 oportere,
900 250 1130 290 secundum
1151 249 1349 304 Apostoli
1358 257 1636 304 praeceptum,
1661 252 1779 292 estib-

312 318 426 359 ditos
454 316 797 370 mayistratibus,
821 315 1115 370 principibus,
1149 323 1188 356 et
1204 316 1491 369 potestatibus
1508 331 1521 356 .·
1555 317 1630 358 sed
1657 318 1779 358 intra

314 383 470 424 limites
493 382 748 436 disciplinoe.
793 381 843 421 In
867 379 1165 437 martyrologio
1192 379 1382 422 Silvanus
1406 386 1595 438 martyr:
1620 382 1777 424 iccirco

310 450 534 490 Romanas
559 447 662 501 [eyes
680 448 983 488 contemnimus
1001 454 1048 488 ut
1063 447 1191 500 jassa
1209 448 1365 489 divina
1387 462 1608 490 servemus.
1646 447 1778 504 Apud

311 512 551 568 Euripidem
573 512 724 554 dicenti
751 512 946 554 Creonti:

598 592 734 627 Nonne
755 592 887 638 exequi
908 592 1085 627 mandata
1105 591 1161 627 fas
1181 592 1303 638 ipsum
1319 592 1454 638 jubet?

308 657 550 714 Respondet
574 657 810 715 Antigone:

595 738 683 773 Non
704 738 888 784 imperata
904 738 989 783 jure
1011 748 1080 772 nee
1097 737 1157 782 jus
1180 738 1340 783 exsequi.

307 791 518 842 Musonius
546 799 605 842 ita
633 800 718 843 ait:
754 802 794 843 si
823 802 920 856 quis
956 808 1033 842 aut
1062 802 1202 855 patri,
1233 795 1332 842 faut
1362 800 1662 855 magsistratui,
1696 809 1775 842 aut

305 868 475 908 domino
501 868 651 922 turpia
672 875 750 909 ant
773 868 931 922 iniqua
940 867 1076 920 factu
1098 867 1335 921 imperanti
1358 881 1442 908 non
1459 874 1602 921 paret,
1628 867 1668 908 is
1699 881 1775 909 nec

305 933 548 974 inobediens
572 941 644 982 est,
669 948 743 975 nec
767 933 979 987 injuriam
988 933 1124 987 facit,
1149 947 1224 974 nec
1240 940 1408 988 peccat.

406 999 432 1039 2
482 998 638 1040 Gellius
667 1003 794 1055 negat
817 998 989 1054 probam
1013 1012 1101 1040 esse
1122 998 1378 1048 sententiam,
1411 997 1546 1040 omnia
1569 1012 1658 1040 esse
1682 1012 1774 1054 quae

304 1069 424 1120 pater
441 1064 610 1119 jusserit
633 1064 874 1119 parendum.
943 1065 1059 1113 Quid
1082 1065 1210 1113 enim,
1236 1063 1307 1113 ait,
1327 1066 1368 1106 si
1380 1065 1672 1120 proditionem
1687 1079 1774 1119 pa-

307 1132 416 1180 trioe,
441 1132 482 1172 si
504 1131 662 1172 matris
685 1145 835 1180 necem,
858 1132 897 1172 si
922 1131 1017 1171 alia
1041 1132 1238 1185 quaedam
1264 1132 1495 1185 imperarit
1521 1132 1671 1185 turpia
1695 1139 1775 1172 aut

305 1197 447 1252 impia
465 1197 487 1238 Ρ
524 1197 681 1238 Media
704 1198 843 1251 icitur
866 1198 1076 1238 sententia
1094 1197 1259 1251 optima
1283 1205 1415 1251 atque
1440 1198 1657 1238 tutissima
1679 1198 1775 1238 visa

304 1270 376 1311 est,
423 1263 622 1317 qucedam
667 1277 753 1304 esse
780 1264 1041 1317 parendum,
1087 1263 1284 1315 qncedam
1323 1277 1405 1304 non
1453 1263 1771 1315 obsequendum.

303 1329 323 1356 g
331 1328 488 1369 Seneca
510 1333 656 1383 pater:
695 1343 778 1369 non
802 1329 996 1370 omnibus
1017 1329 1214 1382 imperiis
1228 1329 1476 1383 pare-ndum
1497 1337 1568 1370 est.
1615 1323 1634 1349 ¹¹
1645 1328 1773 1378 Quin-

302 1393 490 1436 tilianus:
529 1408 613 1435 non
647 1395 793 1435 omnia
830 1408 990 1435 necesse
1027 1402 1087 1435 est
1109 1395 1264 1448 facere
1301 1395 1460 1443 liberis,
1497 1409 1770 1449 quoecumque

296 1468 450 1517 patres
481 1461 709 1515 imperant.
779 1461 931 1501 Malta
964 1467 1064 1500 sunt
1098 1474 1191 1512 quae
1213 1461 1320 1516 fieri
1350 1474 1434 1501 non
1460 1468 1656 1515 possunt.
1721 1461 1773 1502 Si

301 1528 479 1581 imperes
501 1527 598 1580 filio
625 1531 674 1567 at
697 1527 950 1568 sententiam
973 1527 1095 1567 dicat
1128 1533 1280 1567 contra
1311 1540 1438 1579 qaam
1461 1527 1697 1568 eccistimet:
1732 1528 1772 1568 si

303 1594 588 1635 testimonium
601 1592 757 1646 jubeas
780 1593 869 1634 dici
892 1592 979 1646 ejus
997 1593 1062 1634 rei
1079 1607 1211 1646 qnam
1234 1593 1431 1647 iynoret:
1456 1594 1496 1633 si
1519 1593 1771 1634 sententiam

300 1712 397 1736 ποτε,
417 1699 507 1735 ’πλὴν
521 1699 584 1729 ὅσα
602 1700 646 1729 εἰς
664 1699 786 1736 ‹ipen->fv
806 1711 845 1728 τε
864 1698 918 1728 καὶ
938 1711 1002 1728 σω-

299 1750 418 1788 τηρίαν
430 1749 600 1788 διαφέρειν
616 1749 800 1788 νομίζηται·
816 1750 849 1778 ’ἱη
864 1749 1002 1778 omnibus

300 1800 368 1829 viro
377 1800 514 1838 parebit,
529 1809 623 1838 neque
637 1809 670 1829 eo
686 1799 782 1828 invito
793 1799 898 1837 faciet
913 1799 1000 1837 qm'c-

300 1860 402 1888 quam,
423 1854 515 1879 ert‘tra
529 1859 598 1888 qnoe
613 1850 713 1878 credet
730 1849 775 1877 acl
788 1849 929 1878 virtutem
947 1858 1001 1877 sa-

301 1901 452 1939 lutemque
471 1904 650 1929 momentum
670 1900 794 1929 habere.
836 1899 1000 1937 (Stronzat.

301 1950 371 1980 Lib.
384 1959 429 1978 1v.
445 1959 515 1987 cap.
527 1949 573 1979 19.
589 1958 662 1987 pag.
675 1949 743 1978 620.
766 1948 831 1977 Ed.
847 1948 964 1986 Ozon.)

360 2005 374 2020 Θ
394 2000 541 2029 Subditos
565 1997 813 2037 maqistratibus]
845 1998 1001 2035 Exempla

299 2050 435 2080 illustria
450 2052 482 2078 et
497 2058 599 2087 poenae
614 2051 646 2077 et
660 2048 761 2077 laudis
781 2048 850 2077 vide
874 2057 897 2077 1.
915 2048 997 2077 Sam.

301 2101 375 2129 xxii.
392 2102 438 2136 18,
455 2100 502 2130 19.
522 2108 544 2128 1.
556 2099 638 2137 Reg.
655 2098 737 2128 xviii.
752 2099 781 2134 4,
796 2099 844 2127 13.
865 2106 902 2126 11.
916 2098 998 2135 Reg.

301 2151 320 2180 i.
336 2153 382 2187 10,
398 2152 447 2185 12,
462 2151 509 2179 14.
545 2149 644 2187 Apud
658 2147 855 2178 Christianos
870 2147 1001 2177 Manuel

1069 1699 1098 1735 9,
1110 1699 1182 1728 adn.
1197 1697 1244 1737 5.]

1129 1748 1140 1770 f
1157 1749 1221 1778 Aut
1234 1748 1449 1788 nzaqz'stratuz‘]
1468 1750 1506 1778 In
1521 1750 1653 1788 paganis
1668 1750 1770 1779 homi-

1069 1799 1162 1828 nibus
1184 1799 1246 1827 duo
1266 1801 1340 1828 sunt
1362 1799 1479 1828 nobilia
1495 1799 1640 1838 exempla
1661 1809 1769 1829 eorum

1069 1849 1124 1887 qui
1151 1849 1346 1887 principibus
1373 1850 1414 1878 ad
1436 1849 1602 1878 inhonesta
1628 1850 1771 1879 obsecuti

1069 1908 1132 1928 non
1147 1903 1233 1933 sunt,
1248 1899 1415 1937 Papiniani
1429 1899 1505 1928 satis
1520 1899 1723 1936 celebratum,
1738 1903 1770 1929 et

1068 1949 1204 1977 alterum
1217 1949 1357 1987 Helpidii
1370 1950 1455 1987 apud
1471 1950 1674 1978 Ammianum
1691 1959 1768 1979 xxn

1069 1998 1154 2036 (cap.
1171 1999 1214 2036 6.)
1250 1999 1383 2028 Severus
1399 2009 1438 2028 ne
1453 2009 1506 2028 eos
1521 2000 1649 2037 quidem
1665 2010 1768 2038 poenae

1068 2051 1213 2086 expertes
1227 2049 1326 2077 voluit
1350 2058 1416 2078 esse
1437 2049 1491 2087 qui
1507 2050 1698 2087 Imperatori
1713 2051 1768 2080 ob-

1067 2098 1167 2127 secuti
1183 2102 1287 2128 essent
1302 2099 1341 2127 ad
1357 2109 1466 2128 necem
1481 2100 1646 2130 senatoris.
1685 2100 1767 2130 Vide

1067 2149 1279 2187 Xiphilinum,
1293 2149 1387 2187 (pag.
1398 2150 1457 2179 310
1464 2158 1495 2178 A.
1516 2149 1582 2179 Ed.
1592 2150 1638 2180 H.
1648 2150 1767 2189 Steph.)

1127 2204 1142 2225 g
1171 2198 1286 2228 Seneca
1308 2197 1420 2236 pater]
1457 2198 1554 2228 Libro
1583 2208 1606 2229 1.
1638 2204 1765 2229 contro-

1067 2248 1168 2278 versia
1190 2258 1213 2277 1.

1126 2297 1141 2318 ¹¹
1181 2297 1410 2337 Quintilianus]

301 2203 334 2229 et
363 2200 520 2238 Georgius
548 2199 767 2228 detrectarunt
791 2197 999 2226 ministerium

301 2250 479 2279 occidendae
501 2249 668 2287 Augustae.
719 2247 850 2276 Nicetas
885 2247 999 2276 Alexio

301 2300 459 2329 Manuelis
478 2299 553 2330 filio.
596 2297 691 2337 (Cap.
710 2296 775 2334 16.)
818 2296 872 2335 [V.
890 2296 907 2334 ξ
924 2298 952 2333 4,
967 2306 998 2327 n.
1453 2299 1543 2328 Idem
1572 2299 1667 2329 alibi:
1707 2309 1767 2328 non

301 2464 477 2499 Hebrews
493 2463 587 2498 have
607 2475 629 2498 a
649 2464 777 2510 saying
797 2463 1000 2509 indicating
1020 2463 1102 2499 that
1123 2475 1215 2499 even
1242 2464 1304 2499 the
1331 2463 1431 2509 king,
1451 2463 1484 2498 if
1501 2463 1548 2498 he
1569 2465 1765 2498 command

300 2522 480 2567 anything
500 2521 644 2566 against
662 2521 725 2555 the
742 2522 809 2555 law
831 2521 873 2555 of
892 2521 987 2562 God,
1009 2522 1037 2555 is
1058 2525 1124 2555 not
1141 2526 1179 2555 to
1197 2521 1244 2556 be
1265 2521 1419 2566 obeyed.
1473 2520 1571 2555 That
1592 2532 1660 2555 our
1677 2521 1765 2556 obe-

300 2578 431 2613 dience
447 2579 476 2612 is
494 2582 532 2612 to
550 2578 596 2612 be
613 2578 755 2612 limited
772 2578 821 2624 by
842 2589 911 2612 our
928 2578 1019 2624 duty
1036 2582 1075 2612 to
1095 2578 1189 2619 God,
1207 2579 1236 2613 is
1258 2578 1431 2613 declared
1451 2578 1499 2623 by
1517 2577 1700 2624 Polycarp
1726 2581 1765 2612 at

238 2658 239 2661 =
299 2635 363 2670 the
380 2635 485 2681 point
506 2635 549 2669 of
566 2634 700 2676 death3
731 2635 883 2670 Jerome
904 2646 952 2669 on
980 2636 1023 2669 St
1044 2636 1150 2676 Paul,
1171 2635 1266 2681 Eph.
1287 2636 1333 2669 vi.
1356 2639 1372 2669 1
1389 2648 1399 2676 3
1425 2635 1631 2670 Tertullian
1643 2647 1653 2677 3
1681 2635 1764 2681 Syl-

299 2703 413 2727 vanus
434 2692 498 2727 the
519 2696 682 2738 martyr3
707 2692 893 2738 Antigone
911 2692 949 2726 in
969 2693 1188 2738 Euripides3
1214 2693 1417 2727 Musonius.

369 2754 390 2783 2
422 2749 519 2784 That
539 2761 561 2784 a
581 2749 704 2784 father
721 2761 763 2783 or
783 2753 920 2784 master
940 2750 969 2784 is
996 2754 1062 2784 not
1084 2754 1123 2784 to
1144 2750 1191 2784 be
1213 2750 1355 2795 obeyed
1377 2749 1409 2783 if
1436 2749 1483 2784 he
1514 2748 1711 2784 command
1741 2759 1764 2782 a

301 2806 426 2846 crime,
452 2818 490 2840 as
513 2810 671 2846 treason,
700 2807 764 2841 the
788 2807 939 2841 murder
960 2807 1002 2841 of
1025 2807 1081 2841 his
1102 2806 1260 2848 mother,
1288 2807 1381 2841 false
1401 2811 1587 2847 sentence,
1605 2805 1678 2840 and
1698 2804 1764 2839 the

300 2862 386 2902 like,
414 2863 443 2896 is
470 2864 634 2898 asserted
661 2863 710 2909 by
740 2864 893 2904 Gellius,
920 2864 1136 2905 Quintilian,
1160 2865 1312 2905 Seneca,
1341 2864 1509 2909 Sopater.
1561 2861 1760 2897 Stratocles

301 2929 373 2953 was
402 2918 562 2963 laughed
594 2924 632 2954 at
665 2920 702 2953 in
731 2920 874 2955 Athens
902 2921 961 2956 for
993 2922 1193 2967 proposing
1221 2933 1243 2956 a
1270 2921 1338 2955 law
1366 2921 1448 2955 that
1476 2920 1661 2954 whatever
1689 2928 1759 2952 was
