2018 3204
117 197 207 233 CAP.
230 195 356 240 X111.]
605 198 673 232 DE
703 199 1086 234 JUREJURANDO.
1520 195 1574 235 93

117 305 159 348 in
177 305 454 362 conjuratione
473 305 795 350 decemvirorum
814 308 866 350 de
884 306 1093 364 republica
1111 306 1356 362 occupanda.
1395 307 1573 350 Seneca:
1594 321 1677 376 ζῑιῖινθεὁ
1689 323 1742 348 oea

404 386 586 421 Praestare
609 386 731 421 fateor
754 398 862 433 posse
886 398 946 421 me
970 387 1123 421 tacitam
1146 386 1270 427 fidem,

407 443 446 477 Si
471 443 609 478 scelere
634 447 778 478 eareat:
812 444 961 478 interim
982 443 1100 478 scelus
1125 446 1181 478 est
1205 443 1308 478 fides.

119 506 204 549 Ubi
238 508 411 549 interim
439 506 550 549 valet
583 509 810 549 interdiani.
874 507 1146 549 Ambrosius:
1184 515 1244 549 cst
1279 509 1390 550 enim
1425 517 1576 552 eontra
1597 520 1791 552 offic.i.e.uze.

117 574 297 628 efficium
327 587 625 628 nonnunquam
653 575 810 616 solvere
836 575 1107 629 promissum,
1137 582 1454 615 sacramentum
1485 591 1576 618 cus-

119 639 266 680 todire.
336 638 643 695 uAugustinus:
688 641 728 681 si
774 641 835 680 ad
867 648 1093 694 peccatum
1129 641 1440 681 admittendum
1464 642 1577 695 fides

117 705 381 754 eoehibeatur,
417 706 580 746 mirum
608 713 668 746 cst
697 706 736 747 si
755 707 869 759 fides
897 706 1156 760 appellatur.
1214 703 1332 747 Idem
1360 705 1479 748 docet
1511 721 1576 749 se-

117 769 251 811 cunda
273 770 327 812 ad
351 770 679 826 Amphilochium
703 770 890 812 Basilius.

216 836 314 877 VII.
371 837 394 877 1
442 837 530 877 Imo
558 835 717 878 etiamsi
740 851 807 878 res
837 850 928 891 quae
950 836 1203 892 promittitur
1232 851 1313 878 non
1337 836 1390 880 sit
1419 837 1573 887 illicita,

118 902 191 944 sed
213 901 367 958 xmajus
394 901 545 944 bonum
577 902 731 944 morale
761 901 998 958 impediens,
1032 901 1087 943 sie
1118 917 1280 958 quoque
1309 917 1391 944 non
1421 903 1575 946 valebit

112 967 427 1024 jusjurandum:
464 968 560 1023 quia
593 967 744 1010 seilicet
775 967 1003 1023 profectum
1030 967 1073 1008 in
1104 968 1210 1010 bono
1243 970 1334 1010 Deo
1365 969 1572 1018 debemus,

118 1034 177 1075 ita
205 1039 253 1075 ut
276 1033 362 1089 ejus
385 1033 618 1075 libertatem
645 1033 805 1089 eripere
829 1032 946 1075 nobis
973 1033 1070 1089 ipsis
1098 1048 1180 1075 non
1208 1034 1427 1076 valeamus.
1477 1034 1575 1077 Hue

117 1099 298 1155 pertinet
320 1098 489 1155 insignis
504 1099 590 1154 ejus
605 1113 725 1154 quem
748 1099 834 1140 dixi
858 1099 1040 1140 Philonis
1058 1100 1087 1141 J
1091 1099 1196 1141 udaei
1213 1100 1335 1150 loeus,
1359 1115 1480 1156 quem
1503 1102 1574 1143 ad·
1596 1109 1749 1140 Ubisupra·

118 1165 298 1207 scribere
315 1179 396 1206 non
414 1164 571 1221 pigebit
587 1180 596 1206 ε
621 1164 704 1208 εἶσὶ
724 1159 756 1207 δ’
776 1164 815 1208 oi
832 1162 912 1217 τήν
928 1162 1061 1227 φύσιν
1075 1161 1247 1218 ἄμικτοι
1268 1166 1334 1210 καὶ
1351 1164 1574 1219 ἀκοινώνη-

119 1250 187 1275 τοι
211 1226 257 1274 δι’
280 1228 536 1289 ὑπερβολὴν
564 1231 885 1290 μισανθρωπίας
909 1228 1169 1289 (γεγονότες,
1197 1228 1220 1284 ἢ
1253 1236 1319 1275 καὶ
1344 1229 1412 1277 ὐπ’
1436 1231 1574 1293 ὀργῆς

119 1300 188 1340 οἶα
214 1298 416 1357 χαλεπῆς
448 1291 672 1349 δεσποίνης
702 1294 1032 1352 ἐκβιασθέντες,
1061 1293 1173 1357 ὅρκῳ
1205 1297 1286 1350 τήν
1313 1296 1574 1358 α’·’γριότητα

120 1364 382 1407 πιστοῦνται
406 1364 494 1405 τῶν
521 1360 646 1415 η’θῶν,
671 1362 824 1408 οἵτινες
850 1358 898 1406 οὗ
926 1366 1063 1423 φασιν
1091 1361 1400 1425 ὁμοτράπεζον
1425 1362 1450 1417 ἢ
1473 1363 1574 1414 ὁμό-

117 1433 260 1490 ροφον
293 1426 402 1486 ἕξειν
426 1427 504 1473 τὸν
536 1423 665 1478 δεῖνα,
703 1425 886 1479 ἢπάλιν
910 1431 976 1486 τῷ
1012 1424 1109 1472 dewi
1132 1427 1187 1481 μή
1221 1429 1424 1490 παρέξειν
1459 1429 1577 1492 ὠφέ-

118 1493 241 1540 λειάν
260 1515 356 1539 τινα
377 1492 401 1547 ἢ
421 1492 522 1554 παρ’
543 1492 702 1539 ἐκείνου
721 1493 819 1538 τινὰ
837 1493 1084 1554 λήψεσθαι,
1105 1494 1174 1537 καὶ
1193 1494 1326 1555 μέχρι
1347 1500 1576 1549 τελευτῆς·

117 1571 217 1604 sunt
247 1563 427 1617 quidam
451 1563 557 1602 adeo
588 1563 697 1603 duro
725 1569 853 1616 atque
883 1562 1131 1603 insociabili
1153 1562 1334 1616 iizqcizio,
1367 1565 1454 1605 sive
1481 1566 1580 1606 odio

119 1629 300 1669 humani
334 1628 515 1682 ymeri&
554 1628 642 1669 sive
677 1628 793 1667 dura
830 1628 1006 1668 domina
1038 1628 1276 1669 iracundia
1312 1629 1494 1678 subacti,
1532 1638 1579 1672 ut

119 1709 289 1735 ‘morum
299 1694 528 1747 feritatem
545 1693 832 1746 jurejurando
855 1694 1084 1746 obfirment,
1107 1701 1154 1734 ut
1177 1708 1227 1735 ize
1257 1695 1369 1735 hunc
1394 1696 1581 1737 habeant

119 1773 272 1801 mcnsoe
293 1766 371 1800 aut
388 1760 486 1800 tecti
507 1760 682 1807 socium,
708 1773 762 1800 nc
776 1759 847 1799 illi
864 1760 960 1800 bene
979 1761 1377 1813 unquam-faciant,
1402 1775 1452 1802 nc
1476 1763 1582 1816 quid

121 1826 177 1866 ab
201 1840 245 1867 co
269 1827 328 1866 acl
348 1832 522 1865 mortem
542 1839 671 1879 usquc
695 1826 927 1879 accipiant.
979 1824 1099 1873 Quod
1126 1824 1184 1866 ait
1198 1826 1360 1879 jurasse
1384 1827 1582 1881 quosdam

121 1892 198 1932 yne
229 1890 322 1932 huie
346 1889 412 1932 vel
439 1888 500 1930 illi
528 1904 709 1945 unquam
743 1889 847 1931 bene
877 1890 1072 1939 facerent,
1102 1889 1145 1931 id
1177 1890 1348 1932 Hebraei
1382 1892 1584 1934 vocabant

120 1964 248 2001 mmm
276 1965 374 2004 ἾἻΠ,
409 1954 452 1996 id
484 1962 558 2005 est,
596 1952 727 2015 εὐχήν
764 1953 993 2016 ὠφελείας,
1029 1970 1168 1998 vocem
1198 1958 1250 1998 de
1285 1958 1584 2011 beneficentia.-

122 2011 262 2066 :vta-¹5
286 2028 387 2073 yma·
414 2021 512 2062 LeV.
529 2037 566 2063 v.
585 2023 623 2064 6.
672 2020 807 2076 Hujus
830 2021 1006 2063 formula
1028 2021 1287 2064 tradentibus
1310 2023 1586 2065 Hebraeorum

121 2086 328 2144 magistris
351 2091 442 2128 erat
459 2095 528 2132 *m
547 2093 704 2132 narn-ri
722 2095 792 2132 rm
811 2078 863 2131 5:
883 2095 1002 2143 imp,
1027 2092 1100 2129 aut
1116 2079 1154 2133 ’ὃ
1173 2096 1284 2133 rum
1305 2095 1449 2133 snt-tw
1467 2097 1583 2145 iris),

121 2191 205 2228 apud
219 2191 352 2220 Paulum
368 2191 578 2227 W'arnesredi,
594 2191 662 2221 Lib.
678 2200 715 2220 11.
731 2200 757 2221 c.
770 2191 819 2221 27.
886 2190 1028 2220 ciliorum
1052 2191 1165 2221 Galliae
1189 2200 1308 2220 canone
1323 2192 1352 2221 7.
1378 2192 1585 2222 Hinemarum

180 2246 195 2261 ¹
214 2240 325 2277 DIajus
351 2241 460 2269 bonum
490 2241 608 2270 morale
638 2240 819 2278 impediens]
886 2249 1012 2278 quoque
1028 2240 1113 2269 dicto
1133 2241 1285 2278 opusculo
1304 2241 1343 2269 ad
1359 2241 1585 2280 interrogatio-

123 2290 227 2325 Quale
242 2290 375 2319 Honor-ii
399 2291 436 2319 de
451 2291 538 2319 Pace
559 2299 721 2328 nunquam
741 2290 819 2319 faci·
886 2299 957 2318 nem
978 2298 1052 2319 xlv.
1073 2290 1154 2318 libro
1176 2290 1214 2318 de
1236 2290 1370 2319 divortio
1391 2291 1431 2319 ad
1452 2291 1587 2321 interro-

122 2340 203 2369 enda
222 2340 303 2369 'eum
333 2340 470 2375 Alarico,
507 2340 634 2368 Zozimo
662 2343 819 2376 narrante,
886 2340 1047 2378 gationem
1064 2349 1108 2368 vr.
1124 2343 1156 2368 et
1171 2348 1243 2367 xrv.

122 2389 206 2426 (Lib.
220 2397 253 2418 v.
269 2398 339 2427 cap.
356 2390 405 2420 49.
438 2389 502 2418 Ed.
522 2388 653 2426 Cellar.)
694 2389 776 2419 Vide
791 2399 817 2419 c.
945 2395 958 2416 5
979 2389 1029 2417 Ne
1049 2389 1121 2417 huic
1136 2388 1182 2417 vel
1196 2389 1246 2417 illi
1260 2398 1395 2426 unquam
1409 2390 1480 2419 bene
1491 2391 1586 2428 face-

123 2437 205 2465 inter
219 2441 325 2466 cetera
338 2439 388 2467 22.
405 2438 490 2467 dicta
504 2437 571 2475 jam
587 2438 773 2475 quaestione,
789 2442 821 2468 et
887 2437 968 2476 rent]
992 2439 1074 2467 Vide
1096 2438 1184 2466 Baba
1205 2438 1317 2474 Kama,
1337 2448 1407 2476 cap.
1424 2448 1473 2468 lx.
1498 2440 1515 2478 ἓ
1538 2443 1587 2471 10.

123 2486 289 2515 concilium
305 2486 491 2515 Hilerdense
510 2488 542 2515 in
566 2489 653 2516 tomo
669 2496 720 2516 111.
745 2497 820 2517 con·
887 2492 920 2517 et
934 2489 976 2517 ibi
992 2491 1101 2517 notata
1115 2498 1134 2517 a
1148 2488 1328 2518 doctissimo
1346 2489 1569 2522 Constantino.

124 2620 288 2655 cemvirs.
352 2620 401 2655 So
421 2621 575 2662 Seneca,
597 2621 788 2663 Ambrose,
806 2621 1024 2667 Augustino,
1042 2623 1153 2658 Basil.

195 2677 282 2711 VII.
327 2681 344 2711 1
366 2677 468 2711 Even
486 2677 518 2710 if
529 2677 592 2711 the
610 2678 716 2723 thing
733 2680 918 2724 promised
936 2680 982 2714 be
1000 2684 1066 2714 not
1086 2679 1275 2721 unlawfui,
1288 2680 1356 2715 but
1377 2681 1588 2728 something

124 2733 314 2779 impeding
331 2745 352 2767 a
372 2737 519 2778 greater
536 2734 650 2768 moral
673 2735 781 2779 good,
795 2735 859 2770 the
876 2736 964 2770 oath
981 2736 1053 2769 will
1066 2740 1131 2770 not
1149 2737 1194 2770 be
1209 2737 1305 2771 valid
1320 2751 1326 2771 :
1356 2738 1514 2773 because
1534 2750 1589 2774 we

123 2801 187 2825 are
200 2790 327 2824 bound
341 2790 389 2835 by
404 2790 487 2824 God
501 2794 539 2824 to
557 2791 630 2824 aim
648 2795 686 2825 at
704 2802 725 2825 a
742 2792 858 2825 moral
872 2803 1062 2837 progress3
1090 2803 1130 2827 so
1152 2792 1233 2827 that
1249 2805 1302 2828 we
1322 2806 1407 2841 may
1418 2799 1484 2831 not
1501 2796 1589 2831 take

124 2847 198 2881 this
215 2847 351 2892 liberty
367 2847 428 2881 for
445 2847 641 2881 ourselves.
695 2848 744 2882 So
771 2848 880 2882 Philo
898 2849 1061 2890 Judaeus,
1082 2849 1125 2883 of
1137 2860 1290 2894 persons
1307 2851 1388 2886 who
1405 2852 1444 2886 in
1462 2863 1588 2898 anger,

123 2903 190 2938 διο.
211 2914 326 2938 swear
343 2903 424 2939 that
442 2903 531 2949 they
548 2904 619 2937 will
638 2908 704 2938 not
725 2904 866 2950 change
888 2905 985 2940 their
1003 2906 1135 2946 minds,
1153 2916 1195 2940 or
1212 2906 1259 2942 do
1275 2908 1373 2953 good
1390 2912 1429 2944 to
1449 2909 1522 2944 this
1547 2920 1590 2945 or

123 2958 205 2994 that
223 2971 319 2995 man.
370 2960 450 2995 The
470 2960 585 2996 forms
604 2960 646 2995 of
659 2961 749 2996 such
768 2962 873 2997 oaths
891 2973 1003 2997 occur
1019 2963 1056 2997 in
1077 2962 1247 2999 Hebrew.
1296 2962 1414 3009 [See]
