2018 3204
375 95 458 137 336
963 97 1030 131 DE
1062 95 1244 130 rumis,
1671 88 1765 133 [Lm.
1785 89 1833 125 11.

376 211 509 253 dicum
533 212 749 266 potestate,
774 211 816 248 et
848 219 948 261 quos
969 219 1051 246 non
1073 203 1270 260 potuisset
1294 203 1430 245 verbis
1453 202 1659 252 inducere,
1685 215 1754 244 eos
1779 201 1834 251 vi,

375 277 521 333 plagis,
547 273 860 327 carceribusque
880 271 934 312 ad
955 285 998 312 se
1023 270 1266 326 pertrahere
1289 269 1572 311 anniteretur:
1605 276 1732 321 atque
1755 269 1836 317 ita,

377 342 522 397 inquit,
559 341 746 394 seipsam
780 352 911 393 quam
949 351 1032 378 non
1068 337 1126 377 sit
1150 337 1248 390 pia,
1285 350 1360 377 nec
1389 336 1477 376 Dei
1508 334 1669 376 cultrix
1696 335 1837 375 mani-

367 410 523 463 festat,
549 403 769 460 respiciens
799 402 842 444 ni
872 401 992 443 fallor
1024 401 1077 443 ad
1111 401 1211 442 illud
1241 401 1350 456 quod
1373 400 1524 457 legitur
1548 399 1667 441 PGal.
1692 398 1743 439 iv,
1770 400 1837 441 29.

383 471 540 514 Similia
563 470 690 512 habet
723 468 907 510 Hilarius
939 467 1123 509 oratione
1153 467 1207 508 ad
1238 466 1534 508 Constantium.
1603 465 1681 506 qIn
1707 463 1841 506 Gallia

375 538 463 593 jam
501 536 597 578 olim
634 534 817 577 damnati
853 539 947 575 sunt
982 533 1160 575 ecclesiae
1190 532 1344 588 judicio
1382 530 1574 588 Episcopi
1610 530 1680 586 qui
1717 536 1763 572 ut
1799 530 1841 571 in

381 601 710 645 Priscillianistas
755 599 893 657 gladio
938 599 1339 640 animadverteretur
1389 603 1660 646 curaverant3
1711 601 1754 638 et
1797 595 1842 637 in

382 669 541 711 oriente
578 668 773 710 damnata
812 665 1005 722 Synodus
1041 679 1132 720 quae
1168 664 1210 705 in
1245 663 1447 721 Bogomili
1471 662 1724 705 exustionem
1748 676 1842 703 con-

382 740 578 778 senserat.
617 732 835 789 Sapienter
853 731 957 773 dixit
975 730 1106 779 Plato,
1126 730 1327 771 serranus
1345 743 1505 785 poenam
1525 743 1624 777 esse,
1645 727 1818 770 ⁴doceri.

485 801 554 842 LI.

385 996 488 1025 ’πόλει
503 995 555 1025 καὶ
572 994 664 1034 χώρᾳ
677 992 890 1032 εἰργάσαντο,
900 990 1083 1022 α’λλάπολ-

386 1046 477 1076 λαῖς·
505 1046 668 1075 Veritatem
687 1044 824 1073 docentes
849 1046 970 1078 vexant,
991 1050 1086 1078 neque

386 1096 487 1125 verbis
507 1098 653 1130 evertunt,
673 1094 728 1123 sed
744 1093 836 1130 odiis,
853 1093 951 1127 bellis,
969 1091 1086 1129 qladiis

386 1145 516 1174 tradunt
537 1147 615 1173 recte
631 1144 790 1172 sentientes
803 1153 812 1171 .-
830 1142 957 1170 exitium
973 1141 1086 1179 quippe

380 1194 452 1230 jam
466 1203 524 1222 non
538 1194 601 1229 uni,
616 1192 670 1221 sed
683 1192 787 1220 multis
802 1191 929 1219 urbibus
950 1189 1086 1227 reyioni-

388 1244 502 1281 busque
522 1244 661 1272 attulere.
697 1242 747 1270 De
763 1240 894 1270 Talibus
912 1239 1086 1276 Gregorius

390 1293 556 1331 episcopus
571 1293 733 1320 Romanus
755 1290 794 1318 ad
815 1288 1086 1325 Constantinopo-

388 1342 522 1371 litanum
551 1341 755 1379 episcopum:
787 1338 873 1375 (Lib.
905 1346 942 1367 11.
964 1337 1034 1365 Ind.
1058 1338 1088 1365 2.

389 1392 450 1430 Ep.
467 1392 535 1429 52.)
555 1391 649 1420 Nova
663 1393 690 1418 et
707 1388 852 1417 inaudita
866 1390 910 1416 est
930 1387 993 1415 ista
1004 1395 1088 1423 prae-

391 1442 519 1478 dicatio,
550 1451 619 1480 quae
654 1439 831 1468 verberibus
864 1437 962 1475 exiqit
980 1436 1089 1475 fidem.

391 1491 493 1531 [Male
508 1491 634 1529 quidem
650 1491 784 1528 egerunt
804 1487 935 1517 Ariani:
958 1487 1012 1515 sed
1027 1495 1091 1514 non

391 1542 485 1580 primi
500 1545 564 1570 tam
582 1540 699 1569 malum
716 1538 895 1576 exemplum
915 1538 1091 1566 ediderunt.

393 1592 467 1621 Jam
483 1594 576 1620 antea
597 1588 785 1624 Orthodoxi,
801 1588 840 1616 ad
861 1597 914 1617 eos
933 1586 1092 1616 vexandos

392 1642 589 1680 impulerant
612 1639 869 1674 Constantinum,
891 1641 927 1666 ut
948 1647 986 1666 ex
1012 1636 1092 1665 His-

395 1692 480 1720 toria
496 1690 726 1719 Ecclesiastica
741 1691 875 1717 constat.
916 1687 953 1716 J.
968 1685 1029 1723 R]

454 1746 470 1766 Ρ
494 1740 568 1769 Gal.
586 1740 625 1767 iv.
641 1737 706 1776 29]
729 1738 782 1766 Ad
798 1746 892 1775 quem
907 1736 1010 1764 locum
1023 1735 1094 1764 vide

396 1789 634 1827 Hieronymum,
650 1787 782 1816 citatum
798 1796 826 1815 c.
843 1786 896 1823 qui
911 1785 1095 1822 secundum,

397 1841 445 1869 13.
462 1847 554 1867 causa
568 1845 674 1867 xxm.
691 1839 803 1873 quaest.
818 1835 858 1863 iv.

456 1893 471 1914 q
490 1887 531 1916 In
547 1886 660 1916 Gallia
673 1885 745 1922 jam
764 1885 837 1913 olim
851 1883 991 1912 damnati
1012 1881 1095 1919 sunt]

400 1939 556 1978 Sulpicius
582 1938 731 1967 Severus:
767 1940 830 1965 tum
861 1945 932 1964 vero
967 1934 1098 1963 Idacius

400 1994 492 2028 atque
505 1990 648 2019 Ithacius
662 1988 769 2017 acrius
791 1987 917 2022 instare,
937 1985 1097 2014 arbitran-

401 2043 444 2070 tes
452 2049 545 2078 posse
564 2040 643 2068 inter
661 2038 756 2067 initia
776 2037 891 2066 malum
913 2033 1095 2072 comprimi:

626 801 651 840 1
700 797 881 840 ⁵Justius
915 796 973 837 illi
1009 796 1233 852 punientur
1271 795 1341 850 qui
1382 795 1424 836 in
1467 809 1548 845 eos,
1592 808 1692 849 quos
1732 794 1844 835 Deos

383 872 543 924 putant,
568 865 841 907 irreverentes
869 868 994 918 atque
1027 861 1245 919 irreligiosi
1277 866 1384 903 sunt.

1450 861 1586 916 Atque
1609 860 1699 902 haec
1723 871 1845 901 causa

1150 990 1205 1019 sed
1211 999 1329 1028 parum
1349 990 1436 1019 sanis
1457 989 1596 1019 consiliis
1615 990 1778 1019 soeculares
1790 988 1847 1026 ju-

1151 1040 1233 1069 dices
1261 1040 1382 1075 adeunt,
1411 1043 1443 1068 ut
1471 1049 1575 1068 eorum
1602 1040 1732 1068 decretis
1756 1042 1849 1078 atque

1151 1090 1377 1119 erecutionibus
1397 1090 1535 1118 lzoeretici
1553 1089 1680 1118 urbibus
1695 1089 1849 1127 pelleren-

1151 1144 1211 1169 tur.
1237 1141 1321 1179 (Lib.
1338 1149 1374 1169 11.
1398 1150 1424 1169 c.
1446 1141 1508 1177 47.)
1530 1140 1625 1168 Mox:
1647 1140 1743 1168 secuti
1756 1139 1849 1167 etiam

1152 1194 1347 1219 accusatores
1361 1190 1491 1219 [dacius
1506 1193 1532 1219 et
1548 1189 1690 1219 Ithacius
1701 1189 1849 1227 episcopi,

1152 1240 1422 1279 quorumstuclium
1433 1241 1465 1268 in
1476 1240 1690 1278 expuqnandis
1700 1239 1851 1268 hareticis

1153 1301 1212 1319 non
1233 1290 1492 1328 reprehenderem,
1512 1290 1541 1318 si
1568 1298 1626 1318 non
1655 1289 1758 1318 studio
1785 1289 1851 1317 vin-

1154 1341 1241 1369 cendi
1259 1341 1333 1378 plus
1355 1350 1448 1378 quam
1471 1340 1655 1378 oportuisset
1673 1342 1851 1369 certassent.

1154 1390 1201 1419 Ac
1223 1400 1291 1418 mea
1312 1390 1433 1428 quidem
1452 1390 1599 1418 sententia
1618 1393 1670 1425 est,
1691 1389 1768 1418 mihi
1788 1392 1853 1418 tam.

1155 1446 1224 1465 reos
1233 1446 1326 1474 quam
1340 1440 1536 1466 accusatores
1554 1437 1726 1474 displicere.
1750 1435 1852 1473 (lbid.

1157 1496 1183 1516 e.
1194 1486 1258 1524 50.)
1281 1487 1412 1515 Postea:
1434 1486 1597 1515 BIartinus
1611 1486 1697 1523 apud
1710 1486 1855 1514 Treviros

1158 1537 1338 1565 constitutus
1350 1546 1408 1564 non
1422 1535 1579 1565 desinebat
1593 1535 1754 1573 increpare
1764 1535 1855 1564 Itha-

1158 1587 1238 1615 cium
1249 1590 1282 1614 ut
1295 1586 1334 1614 ab
1349 1586 1545 1615 accusatione
1553 1585 1709 1614 desisteret
1722 1596 1731 1614 :
1756 1585 1856 1614 Max·-

1159 1636 1251 1664 imum
1268 1644 1370 1671 orare,
1385 1638 1418 1663 ut
1430 1635 1580 1673 sanquine
1594 1634 1763 1672 infelicium
1783 1634 1856 1663 abs-

1159 1686 1267 1714 tineret
1276 1695 1289 1719 ,·
1310 1685 1389 1713 satis
1409 1693 1560 1722 superque
1579 1683 1720 1723 sufficere
1739 1686 1772 1712 ut
1791 1684 1855 1721 epi-

1159 1735 1279 1772 scopali
1292 1734 1441 1763 sententia
1455 1732 1738 1768 lzcereticijzcdicati
1751 1732 1859 1762 Eccle-

1160 1786 1218 1814 siis
1226 1785 1425 1823 pellerentur.
1468 1783 1550 1813 Vide
1564 1786 1597 1812 et
1611 1783 1787 1821 sequentia.

1223 1840 1234 1855 ¹·
1253 1834 1407 1863 Errantis
1422 1842 1546 1871 poenam
1567 1842 1639 1869 esse,
1661 1832 1780 1871 doceri]
1802 1833 1859 1862 Se-

1162 1893 1240 1913 neca
1273 1884 1306 1911 in
1334 1883 1506 1921 Tragoedia
1533 1882 1642 1920 (Herc.
1669 1881 1748 1912 Fur.
1779 1891 1857 1912 vers.

1163 1932 1275 1970 1237):

1195 1982 1259 2012 Quis
1269 1988 1367 2006 nomen
1378 1987 1499 2010 unquam
1510 1979 1613 2004 sceleris
1623 1980 1706 2004 errori
1717 1980 1789 2005 dedit
1799 1981 1810 2005 ?

1165 2034 1197 2061 et
1211 2031 1247 2059 de
1260 2030 1320 2059 Ira
1335 2038 1357 2058 1.
1373 2030 1421 2059 14.
1439 2037 1499 2057 non
1515 2031 1559 2057 est
1566 2028 1732 2066 prudentis
1750 2037 1859 2057 erran-

403 2207 442 2240 in
471 2205 535 2240 the
557 2203 711 2249 judicial
730 2213 855 2248 power
880 2201 1023 2246 against
1051 2198 1149 2234 their
1175 2195 1423 2235 adversaries3
1457 2194 1539 2228 This
1564 2194 1681 2234 shews,
1699 2192 1748 2227 he
1768 2203 1863 2238 says,

404 2265 479 2297 that
510 2262 597 2296 their
626 2272 706 2305 zoay
735 2260 765 2294 is
794 2265 855 2293 not
880 2259 1010 2304 pious‚·
1050 2255 1243 2299 referring,
1273 2253 1292 2286 Ι
1316 2252 1434 2290 think,
1460 2254 1499 2285 to
1531 2250 1611 2284 Gal.
1641 2250 1686 2283 iv.
1712 2253 1775 2284 29:
1813 2249 1864 2283 As

404 2321 494 2361 then,
515 2320 553 2353 he
573 2319 648 2352 that
668 2329 742 2351 was
759 2318 848 2350 born
873 2316 968 2362 after
988 2315 1040 2348 the
1060 2313 1150 2358 flesh
1166 2309 1366 2357 persecuted
1384 2309 1457 2342 him
1477 2308 1553 2341 that
1569 2318 1643 2341 was
1663 2308 1750 2340 born
1766 2307 1865 2352 after

405 2378 458 2411 the
474 2376 589 2421 spirit,
607 2385 686 2409 even
702 2385 738 2407 so
757 2374 785 2407 it
802 2373 831 2406 is
850 2384 940 2406 now.
983 2371 1029 2405 In
1050 2369 1159 2409 Gaul,
1175 2367 1239 2402 the
1256 2365 1406 2410 bishops
1423 2375 1518 2398 were
1535 2363 1766 2398 condemned
1783 2363 1864 2397 who

405 2433 495 2467 used
517 2431 581 2466 the
601 2430 720 2465 sword
741 2430 884 2474 against
904 2427 968 2462 the
987 2425 1280 2464 Priscillianists;
1300 2422 1374 2456 and
1394 2421 1432 2454 in
1453 2420 1516 2455 the
1538 2424 1627 2460 east,
1652 2419 1717 2454 the
1739 2418 1866 2465 Synod

406 2488 525 2524 which
545 2487 680 2533 agreed
701 2490 740 2520 to
761 2486 825 2520 the
849 2484 1010 2529 burning
1037 2483 1079 2517 of
1095 2480 1320 2527 Bagomilus.
1365 2477 1491 2520 (Plato
1519 2488 1601 2522 says
1629 2476 1763 2521 wisely,
1784 2476 1866 2510 that.

407 2546 472 2580 the
507 2555 644 2591 proper
678 2542 919 2590 punishment
950 2540 993 2575 of
1020 2539 1099 2573 him
1134 2538 1216 2572 who
1252 2537 1282 2571 is
1318 2535 1483 2580 wrong*,
1517 2534 1548 2568 is
1578 2537 1618 2568 to
1649 2533 1696 2568 be
1733 2528 1867 2578 taught

408 2601 538 2647 right).

482 2659 545 2692 LI.
592 2662 609 2692 1
629 2657 751 2692 These
771 2667 857 2702 may
869 2655 917 2690 be
933 2665 1037 2689 more
1052 2653 1168 2698 justly
1186 2649 1369 2697 punished
1386 2647 1467 2683 who
1490 2658 1553 2681 are
1572 2647 1778 2681 irreverent
1794 2645 1868 2679 and

411 2715 619 2759 irreligious
639 2714 799 2748 towards
820 2713 926 2747 those
947 2711 1069 2745 whom
1089 2710 1178 2754 they
1197 2708 1340 2742 believe
1362 2710 1400 2740 to
1421 2705 1468 2740 be
1493 2703 1596 2750 gods.
1649 2703 1738 2737 This
1759 2711 1868 2736 cause

410 2781 546 2815 among
567 2771 691 2805 others
718 2782 790 2805 was
815 2768 985 2804 adduced
1009 2768 1068 2802 for
1094 2766 1159 2801 the
1185 2763 1484 2810 Peloponnesian
1513 2772 1587 2795 war
1609 2760 1777 2795 between
1802 2756 1866 2791 the

839 2850 855 2865 ⁴¹
877 2849 970 2878 Plato
986 2857 1066 2887 says,
1081 2847 1308 2886 ofiynorance.
1352 2843 1386 2874 J.
1399 2844 1438 2873 B.
