2018 3204
152 131 242 167 Car.
262 130 368 173 XX]
736 131 803 165 DE
835 128 1014 166 POENIS.
1524 124 1605 164 333

147 256 243 283 cum
273 241 407 298 legem
437 238 639 283 haberent
670 254 761 296 quae
795 239 1000 297 suppliciis
1034 238 1154 296 hujus
1193 239 1290 281 vitae
1329 238 1605 288 sanciebatur,

151 321 358 362 nunquam
383 312 521 348 tamen
553 306 684 362 poenis
714 306 984 348 subdiderunt
1009 306 1255 347 Sadducaeos
1279 304 1347 360 qui
1369 304 1608 360 rejiciebant

153 372 304 429 dogma
326 372 648 421 resurrectionis,
680 372 933 413 verissimum
967 371 1142 427 quidem,
1170 371 1243 412 sed
1265 370 1308 411 in
1336 385 1385 412 ea
1408 371 1500 427 lege
1526 383 1609 411 non

152 438 230 479 nisi
253 438 422 479 obscure
445 444 487 479 et
510 438 584 479 sub
609 437 828 478 verborum
851 442 924 478 aut
946 451 1084 478 rerum
1108 435 1325 478 involucris
1347 435 1555 477 traditum.

254 505 280 544 2
329 503 439 552 Quid
461 502 495 544 si
520 517 616 543 vero
639 501 806 558 gravior
827 501 879 543 sit
900 516 1028 550 error,
1055 507 1097 543 et
1121 502 1189 557 qui
1213 501 1323 557 apud
1347 515 1483 556 aequos
1500 499 1609 555 judi-

154 582 219 610 ces
242 567 358 609 facile
379 568 506 623 possit
523 582 638 609 sacra
656 566 889 616 autoritate,
914 573 986 609 aut
1004 572 1188 608 veterum
1206 582 1401 609 consensu
1425 566 1609 608 revinci?

154 633 414 690 cogitandum
450 632 516 674 hic
552 647 714 688 quoque
748 638 902 687 quanta
938 632 991 674 sit
1028 632 1089 674 vis
1125 632 1277 675 inolitae
1318 632 1528 688 opinionis,
1567 636 1610 673 et

154 704 350 754 quantum
384 698 617 740 libertatem
647 697 789 753 judicii
823 697 979 740 minuat
1009 698 1051 739 in
1085 713 1199 740 suam
1234 698 1427 754 cujusque
1458 702 1610 739 sectam

154 763 347 813 studium,
379 764 543 813 malum,
579 769 625 805 ut
664 763 843 806 Galenus
883 764 953 813 ait,
991 765 1132 819 quavis
1166 764 1299 805 scabie
1335 762 1608 805 insanabilius.
1621 775 1826 836 ὲιιιὴιίαειιαι.

155 829 352 885 Apposlte
375 830 428 871 ad
452 830 557 870 hanc
581 844 667 870 rem
695 829 920 886 Origenes.
950 826 1271 889 εὐχερέστερόν
1296 847 1354 887 ’γε
1385 823 1607 888 ἅνθρωπος
1621 813 1813 898 {ffb-1³25?-

155 913 237 940 τας
269 914 369 954 περι
402 891 524 938 αλλα
553 895 785 946 συνηθείας,
816 892 893 951 κᾷν
924 890 1306 940 δυσαποσπαστως
1336 913 1478 937 αυτων
1513 913 1610 955 εχη,

157 962 431 1018 καταλείψω
456 957 517 1010 ἀι,
553 956 575 1010 ἢ
607 960 684 1006 τός
716 959 816 1018 περὶ
841 979 901 1003 τα
924 955 1144 1017 δόγματα·
1164 961 1357 1014 facilius
1388 961 1485 1015 quis
1516 960 1613 1000 alico

155 1028 241 1068 sibi
268 1034 470 1069 consueta
499 1034 638 1074 eoeuat,
669 1027 944 1081 quaoztmnvis
978 1027 1069 1067 illis
1098 1026 1251 1079 affixus
1277 1027 1347 1074 sit,
1380 1019 1528 1080 iquam
1562 1039 1614 1066 ea

156 1108 250 1148 quse
272 1094 517 1147 doymatum
541 1100 649 1133 sunt.
718 1091 839 1132 Adde
869 1091 977 1146 quod
1001 1097 1156 1146 quanta
1179 1091 1266 1131 haec
1295 1090 1347 1131 sit
1371 1091 1490 1146 culpa
1515 1104 1614 1146 pen-

155 1159 227 1199 det
250 1172 301 1199 ex
324 1157 444 1199 modo
478 1156 780 1198 illuminationis
804 1162 846 1198 et
868 1156 956 1197 aliis
990 1155 1114 1197 animi
1136 1155 1477 1212 dispositionibuS,
1514 1170 1615 1211 quas

155 1222 385 1265 hominibus
406 1236 651 1279 pernoscere
675 1236 755 1263 non
780 1227 842 1264 est
865 1221 1019 1264 datum.

919 1347 953 1377 J.
969 1348 1012 1378 B.

980 1397 987 1418 ¹
1012 1398 1112 1435 Quam
1127 1406 1164 1426 ea
1178 1405 1247 1435 quae
1264 1396 1439 1435 doqmatum
1452 1397 1535 1436 sunt]
1559 1397 1615 1427 Se-

155 1348 349 1385 vexandum3
379 1351 413 1378 et
436 1351 625 1387 argumenta
648 1357 768 1384 eorum,
798 1348 852 1386 qui

155 1399 287 1428 aliorum
301 1399 475 1428 intellectui
489 1399 593 1436 legem
614 1398 717 1427 dicere
731 1398 852 1434 volunt,

156 1451 190 1477 et
204 1448 235 1477 in
250 1449 369 1477 animos
384 1448 548 1484 dominari,
569 1448 613 1476 ita
627 1448 799 1483 confutata,
817 1450 853 1476 ut

158 1497 310 1526 dissensui
333 1498 438 1526 nullus
460 1498 595 1534 amplius
616 1497 703 1526 locus
728 1497 852 1526 futurus

159 1549 251 1582 esset,
272 1547 296 1575 si
311 1547 451 1575 veritatis
466 1547 614 1582 studium,
636 1546 799 1581 modestia,
821 1548 853 1574 et

159 1595 304 1630 charitas,
319 1595 349 1623 in
365 1596 485 1623 animos
499 1595 680 1623 vexantium
693 1595 852 1623 tantillum

159 1644 284 1673 admitti
305 1647 444 1682 possent.
493 1644 593 1673 Nobis
617 1653 753 1682 quoqne,
782 1647 855 1682 post

160 1693 292 1731 primam
309 1693 498 1722 Notularum
517 1694 646 1722 istarum
667 1694 853 1730 Editionem,

160 1743 281 1772 occasio
297 1747 371 1771 nata
385 1747 432 1772 est
449 1747 670 1782 argumentum
689 1743 767 1771 illud
785 1743 854 1772 fuse

160 1792 236 1821 satis
248 1801 333 1821 more
347 1793 502 1830 modoque
516 1796 624 1821 nostro
636 1792 855 1830 persequendi,

162 1842 192 1870 in
216 1842 312 1870 Libro
335 1842 458 1871 Gallico
480 1841 532 1871 De
552 1842 711 1870 Doctrina
729 1841 855 1870 Illorali

162 1892 296 1921 Parrum
309 1891 470 1928 Ecclesioe,
491 1900 560 1929 cap.
575 1892 622 1919 12.
647 1890 664 1928 ἓ
680 1890 708 1920 9.
729 1894 756 1919 et
770 1900 852 1929 seqq.

922 1447 1030 1485 quitur
1051 1447 1110 1475 hoe
1131 1446 1373 1485 Chrysostomus
1400 1447 1431 1475 in
1456 1457 1477 1477 1.
1494 1448 1567 1478 Cor.
1582 1448 1616 1478 ii.

922 1497 1005 1525 ὅταν
1022 1497 1054 1525 δὲ
1070 1496 1122 1525 καὶ
1140 1497 1173 1526 ἐν
1192 1496 1356 1534 δόγμασιν
1377 1498 1393 1532 ἠ
1413 1497 1563 1532 συνήθεια
1584 1497 1615 1535 ἢ,

921 1546 1122 1584 βεβαιοτέρα
1147 1547 1289 1584 γίνεται.
1325 1546 1439 1575 πάντα
1473 1547 1537 1585 γάρ
1565 1559 1618 1578 ’τις

923 1595 1145 1633 εὐκολώτερον
1168 1596 1335 1634 α’μείψειε,
1359 1595 1379 1630 ἢ
1399 1596 1442 1625 τά
1465 1597 1542 1635 περὶ
1557 1597 1618 1627 ‘rtis

923 1644 1107 1683 θρησκείας·
1128 1646 1181 1675 ubi
1194 1656 1265 1675 vero
1287 1647 1469 1675 consuetudo
1490 1647 1522 1675 in
1541 1648 1618 1686 doq-

922 1698 1009 1723 mata
1037 1695 1192 1732 inciderit,
1226 1695 1319 1724 multo
1349 1695 1391 1724 sit
1423 1696 1618 1726 immobilior.

922 1743 1017 1772 ,ΝιἼιίΖ
1036 1744 1114 1772 enim
1135 1747 1179 1773 est
1197 1744 1281 1782 quod
1299 1754 1358 1772 non
1371 1745 1510 1782 facilius
1532 1745 1619 1774 homo

923 1796 1024 1829 mutet,
1059 1802 1152 1830 quam
1183 1803 1220 1822 ea
1247 1803 1316 1831 quoe
1343 1793 1506 1831 reliqionis
1538 1797 1619 1825 sunt.

923 1842 1032 1879 (Tem.
1050 1851 1093 1871 VI.
1109 1851 1184 1881 pag.
1200 1843 1269 1873 286.
1290 1843 1380 1873 Edit.
1397 1843 1519 1881 Savil.)

162 2057 295 2104 always
316 2058 536 2104 expounded
559 2058 609 2104 by
629 2058 694 2093 the
715 2058 862 2092 ancient
889 2057 1091 2092 Christians
1113 2059 1151 2092 in
1171 2057 1236 2092 the
1260 2068 1360 2092 same
1384 2069 1475 2104 way.
1536 2056 1622 2092 And

163 2115 236 2150 this
257 2127 411 2161 appears
432 2115 524 2150 both
544 2116 594 2161 by
614 2115 712 2149 what
729 2126 782 2149 we
807 2114 900 2148 have
921 2115 1011 2155 said,
1031 2115 1105 2148 and
1130 2115 1178 2159 by
1199 2115 1263 2148 the
1283 2114 1431 2148 ancient
1453 2115 1622 2160 example

164 2171 206 2206 of
219 2172 282 2207 the
297 2173 404 2207 Jews.
456 2172 530 2206 For
546 2172 646 2217 they,
663 2170 805 2215 though
826 2170 914 2215 they
933 2170 1007 2204 had
1028 2182 1050 2204 a
1070 2171 1139 2204 law
1167 2170 1286 2204 which
1311 2181 1382 2205 was
1407 2171 1623 2205 sanctioned

164 2228 213 2273 by
227 2228 290 2263 the
310 2228 567 2274 punishments
588 2228 630 2262 of
647 2227 720 2261 this
738 2227 812 2267 life,
833 2237 945 2260 never
965 2227 1115 2272 penally
1135 2227 1292 2260 assailed
1317 2226 1379 2261 the
1401 2227 1623 2269 Saddueees,

164 2284 246 2318 who
267 2285 428 2329 rejected
449 2284 514 2318 the
535 2284 701 2318 doctrine
723 2283 766 2316 of
785 2283 848 2317 the
869 2284 1135 2324 resurrection3
1165 2294 1188 2317 a
1212 2283 1379 2317 doctrine
1404 2287 1500 2317 most
1528 2287 1623 2325 true,

165 2340 233 2374 but
251 2345 316 2374 not
334 2340 520 2374 delivered
538 2341 575 2373 in
593 2340 657 2374 tho
677 2340 739 2374 old
760 2340 839 2380 laW,
857 2343 987 2384 except
1008 2339 1201 2385 obscurely
1218 2340 1291 2373 and
1312 2340 1350 2373 in
1370 2340 1518 2385 images.

243 2401 264 2430 2
294 2397 369 2431 But
389 2396 485 2430 what
506 2407 568 2431 are
594 2407 648 2430 we
680 2400 716 2430 to
742 2407 816 2441 say,
842 2396 874 2429 if
898 2395 962 2430 tho
987 2407 1090 2430 error
1113 2396 1160 2430 be
1181 2407 1283 2430 more
1307 2407 1428 2441 grave,
1453 2397 1525 2430 and
1552 2407 1623 2432 one

166 2452 285 2487 which
306 2464 392 2498 may
412 2453 525 2498 easily
544 2453 591 2487 be
612 2452 759 2487 refuted
786 2451 914 2487 before
939 2464 986 2486 an
1011 2453 1197 2498 impartial
1222 2453 1394 2492 tribunal,
1420 2453 1470 2498 by
1494 2454 1623 2488 sacred

167 2509 368 2554 authority,
385 2520 427 2543 or
447 2509 510 2543 the
531 2514 683 2543 consent
701 2509 743 2543 of
756 2508 818 2543 the
839 2509 1029 2543 ancients?
1073 2510 1172 2544 Here
1189 2509 1266 2543 also
1287 2521 1339 2544 we
1360 2520 1423 2544 are
1440 2514 1478 2544 to
1496 2510 1624 2545 ressect

167 2565 250 2600 how
279 2571 383 2610 great
414 2566 443 2599 is
473 2565 537 2600 the
565 2566 666 2600 force
694 2566 737 2600 of
760 2566 965 2600 inveterate
1001 2566 1180 2611 opinions,
1210 2566 1282 2600 and
1312 2566 1394 2600 how
1423 2566 1533 2600 much
1559 2567 1623 2602 the

168 2623 431 2668 party-feeling
449 2622 490 2655 of
505 2621 595 2656 each
611 2626 689 2656 sect
705 2622 854 2667 impairs
875 2621 972 2655 their
986 2622 1203 2667 judgment3
1234 2634 1256 2656 a
1276 2622 1428 2661 disease,
1446 2634 1484 2657 as
1504 2623 1624 2658 Galen

168 2690 261 2724 says,
281 2690 395 2713 worse
413 2678 502 2712 than
522 2678 586 2712 the
607 2677 694 2712 itch.
759 2679 807 2712 So
829 2678 978 2722 Origen.
1030 2678 1112 2712 Add
1134 2679 1215 2713 that
1233 2679 1296 2713 the
1317 2685 1470 2713 amount
1487 2679 1530 2714 of
1551 2680 1623 2715 this

168 2735 263 2770 fault
283 2735 446 2781 depcnds
472 2746 572 2780 upon
603 2734 666 2769 the
697 2745 851 2768 manner
880 2734 917 2767 in
953 2734 1070 2769 which
1100 2746 1121 2768 a
1151 2746 1284 2780 person
1315 2736 1343 2769 is
1374 2736 1624 2781 enlightened‚

168 2792 243 2826 and
268 2792 375 2827 other
396 2792 629 2838 dispositions
650 2791 692 2826 of
713 2791 775 2826 the
800 2791 913 2832 mind,
937 2791 1054 2826 which
1076 2792 1105 2826 it
1131 2792 1161 2826 is
1189 2796 1254 2827 not
1283 2793 1392 2838 given
1418 2797 1456 2827 to
1476 2805 1563 2828 man
1583 2798 1622 2831 to

167 2849 286 2883 know.
