2018 3204
361 87 444 126 3-ὲο
652 92 719 126 DE
750 91 1020 126 POENARUM
1052 90 1531 126 COMMUNICATIONE.
1651 90 1747 134 [Lm.
1766 90 1817 125 ΙΙ.

363 202 509 244 delicto
535 201 772 259 puniuntur.
842 199 900 241 Hi
933 198 1002 254 qui
1034 198 1115 241 sint
1148 214 1199 240 ex
1233 198 1297 240 his
1327 213 1418 254 quae
1447 214 1571 255 supra
1595 199 1646 242 de
1670 199 1819 242 damno

362 268 511 324 injuria
546 269 642 310 dato
675 267 785 308 dicta
819 270 915 306 sunt
949 264 1121 321 intelligi
1154 270 1300 320 potest.
1372 266 1521 306 Ferme
1545 265 1652 306 enim
1675 266 1819 307 iisdem

361 334 492 375 modis
527 333 568 374 in
600 331 735 374 delicti
771 336 931 386 partem
967 330 1057 385 quis
1093 331 1204 372 venit
1239 345 1319 385 quo
1354 329 1395 370 in
1428 330 1564 372 damni
1594 331 1704 372 dati:
1739 345 1821 372 non

361 405 500 441 tamen
536 412 709 453 semper,
746 396 815 438 ubi
848 396 985 437 damni
1018 395 1212 452 obligatio
1249 401 1323 445 est,
1357 395 1480 437 etiam
1516 396 1707 438 delictum
1743 401 1819 445 est,

361 465 543 507 sedtum
580 463 742 504 demum
775 461 808 502 si
843 476 924 517 qua
958 461 1112 503 malitia
1146 461 1363 503 notabilior
1397 462 1625 511 accesserit,
1654 477 1744 504 cum
1768 461 1822 504 ad

362 529 499 571 damni
523 528 609 570 dati
634 527 922 585 obligationem
948 542 1057 583 saepe
1082 527 1383 583 qualiscumque
1408 527 1527 583 culpa
1550 528 1731 570 sufficiat.

462 596 488 635 2
538 596 650 651 Ergo
685 590 782 649 bqui
816 593 968 634 factum
1002 593 1192 634 vitiosum
1217 593 1377 649 jubent,
1403 593 1471 649 qui
1495 608 1733 636 consensum
1759 609 1824 636 re-

361 660 554 716 quisitum
595 659 805 708 adhibent,
848 658 942 714 Cqui
981 659 1191 715 adjuvant,
1231 655 1327 715 dqui
1364 666 1573 715 receptum
1609 666 1822 715 praestant,

361 727 492 768 aliove
517 726 636 767 modo
660 725 701 766 in
725 725 811 781 ipso
844 724 1011 766 crimine
1047 725 1322 781 participant:
1359 725 1452 780 equi
1476 725 1682 767 consilium
1708 726 1822 775 dant,

363 788 567 841 flaudant,
600 797 885 833 assentantur:
921 791 990 846 qui
1019 805 1109 833 cum
1143 806 1194 832 ex
1216 791 1312 847 jure
1335 790 1502 847 proprie
1526 791 1634 833 dioto
1658 796 1824 833 tenean-

362 864 431 901 tur
473 864 616 901 vetare
653 861 760 899 gnon
799 863 952 906 vetant,
992 862 1063 899 aut
1099 872 1189 898 cum
1226 863 1446 899 teneantur
1486 871 1541 899 ex
1580 856 1700 899 simili
1728 856 1825 913 jure

363 939 481 981 opem
515 925 625 966 ferre
659 922 848 979 injuriam
884 922 1055 979 patienti
1083 938 1163 965 non
1189 923 1351 966 ferunt:
1387 922 1456 979 qui
1483 938 1564 964 non
1587 922 1826 966 dissuadent

362 1031 479 1060 scilicet
500 1033 528 1059 et
554 1031 661 1068 ipsos,·
683 1029 809 1058 Idcirco
832 1038 899 1058 cum
922 1029 1060 1058 auctori-

363 1081 418 1109 bus
432 1080 543 1109 merita
557 1079 792 1114 communicare,
806 1079 916 1116 quibus
935 1088 1061 1116 operam

361 1133 468 1168 sponte
481 1129 720 1159 accommodant.
759 1128 856 1166 (Cap.
872 1128 938 1164 16.)

423 1179 436 1199 Ι)
461 1179 523 1216 Qui
541 1179 667 1216 factum
694 1178 836 1206 vitiosum
855 1177 974 1213 jubent,
1007 1177 1062 1215 qui

363 1239 540 1259 consensum
561 1229 740 1266 requisitum
762 1229 921 1265 adhibent]
945 1227 1062 1257 Saulus

362 1280 504 1308 manibus
531 1279 663 1307 omnium
690 1278 865 1316 lapidabat.
905 1278 1061 1316 Augusti-

362 1338 422 1357 nus
443 1337 586 1357 sermone
610 1336 641 1356 v.
665 1327 702 1356 de
724 1327 858 1363 Sanctis,
880 1336 948 1365 cap.
969 1328 998 1355 4.
1020 1326 1061 1354 si-

363 1379 451 1407 milia
472 1386 616 1406 sermone
638 1377 777 1415 ejusdem
799 1377 977 1415 argumenti
998 1376 1063 1414 pri-

362 1439 425 1465 mo,
454 1439 480 1458 c.
510 1431 540 1458 3.
561 1432 593 1458 et
608 1437 751 1457 sermone
771 1437 844 1457 X1v.
862 1428 939 1467 [Qui
955 1437 1063 1456 omnes

364 1480 531 1509 Sermones
553 1479 632 1508 falso
658 1479 809 1517 adscripti
833 1481 907 1508 sunt
932 1479 1064 1517 Augus-

363 1528 458 1568 tino.]

423 1584 435 1599 e
461 1578 524 1616 Qui
545 1577 711 1616 adjuvant]
743 1579 823 1615 Ope.
854 1576 1063 1606 Institzctionz'-

365 1629 420 1658 bus
434 1629 471 1658 de
481 1629 590 1666 fzzrtz's,
606 1628 717 1667 [immo
732 1628 784 1657 De
801 1628 936 1666 Obliqat.
952 1637 990 1655 ex
1008 1627 1062 1655 de-

364 1679 446 1715 lict.]
476 1678 493 1716 ξ
519 1678 688 1714 interdum,
715 1686 752 1706 11.
778 1677 895 1706 Edicto
924 1676 1064 1706 Theude-

366 1728 438 1763 rici,
453 1737 479 1756 c.
496 1729 563 1757 120.

424 1776 438 1797 ‘¹
463 1776 525 1814 Qui
546 1780 697 1814 receptum
712 1774 877 1814 prastaut]
908 1775 1063 1813 Hierony-

365 1835 435 1854 mus
465 1825 535 1863 [aut
562 1826 704 1863 quisquis
727 1825 806 1853 alius
831 1825 957 1862 scripsit
984 1834 1063 1862 opus

365 1876 455 1913 illud,
476 1885 507 1913 p.
529 1877 568 1905 53
592 1885 622 1906 D.
646 1877 735 1903 Tom.
757 1883 819 1904 vu.
842 1874 907 1903 Ed.
928 1874 1006 1902 Bas.
1031 1874 1064 1902 in

366 1935 434 1963 cap.
450 1925 501 1963 29]
524 1934 619 1963 super
639 1924 823 1962 parabolas:
856 1933 915 1951 ηοη
927 1923 992 1961 sur
1012 1932 1062 1951 so-

366 1977 439 2011 lum,
454 1976 508 2004 sed
523 1975 574 2004 ille
588 1984 658 2003 reus
680 1977 796 2002 tenetur
817 1973 871 2011 qui
882 1973 971 2011 furti
993 1982 1064 2001 eon-

367 2026 449 2054 scius
477 2028 628 2063 quarente
649 2032 829 2062 possessore
854 2032 913 2051 non
934 2023 1065 2052 indicat.

1131 1029 1374 1068 chrysostomus
1388 1029 1425 1058 de
1440 1028 1562 1058 ,statuis
1576 1036 1647 1057 xlv.
1664 1029 1699 1058 οὺ
1715 1028 1780 1067 γάρ
1795 1027 1827 1058 οἱ

1129 1078 1362 1115 ἐπιορκοῦντες
1375 1078 1484 1115 μόνον,
1499 1078 1590 1107 ἀλλά
1606 1077 1659 1106 καὶ
1673 1077 1703 1106 οἱ
1725 1089 1828 1107 συνει-

1127 1127 1223 1156 δότες
1253 1129 1324 1165 μὲν,
1360 1127 1645 1165 περιστέλλοντες
1680 1127 1724 1164 δὲ,
1760 1138 1827 1156 κοι-

1128 1178 1265 1207 νωνοῦσι
1298 1179 1366 1207 ’τῶν
1393 1178 1630 1215 ἐγκλημάτων·
1660 1187 1721 1206 non
1748 1178 1828 1207 enim

1121 1227 1248 1265 perjuri
1260 1228 1329 1263 soli,
1350 1228 1404 1256 sed
1417 1232 1445 1257 et
1459 1228 1522 1266 qui,
1544 1228 1658 1257 comciz’
1671 1237 1738 1257 cum
1755 1228 1827 1264 sint,

1128 1278 1227 1307 celant
1234 1277 1389 1315 perjuria,
1400 1278 1540 1307 criminis
1548 1281 1696 1307 tenentur.
1720 1278 1826 1316 (Tom.

1131 1336 1173 1357 VI.
1190 1337 1264 1365 pag.
1273 1329 1343 1363 555,
1357 1328 1425 1358 556.
1465 1328 1555 1357 Edit.
1572 1328 1687 1365 Savil.)

1188 1383 1201 1398 e
1223 1377 1285 1414 Qui
1304 1377 1464 1406 consilium
1483 1377 1572 1415 dane]
1598 1378 1680 1407 Vide
1696 1376 1828 1406 Institu-

1129 1427 1226 1456 tione-s·
1237 1430 1264 1455 et
1275 1427 1423 1456 Edictum
1436 1426 1620 1456 Tkeuderici
1634 1427 1725 1456 dictis
1740 1427 1828 1457 locis.

1129 1477 1311 1506 Andocides
1326 1477 1450 1515 exlege
1470 1477 1590 1513 Attica,
1611 1477 1672 1506 τὸν
1690 1477 1828 1515 βουλεύ-

1130 1539 1239 1556 σαντα
1263 1528 1296 1556 ὲν
1317 1529 1365 1566 τῷ
1389 1529 1479 1566 αὐτῷ
1499 1527 1670 1567 ἐνέχεσθαι
1691 1529 1745 1557 καὶ
1767 1528 1828 1558 τὸν

1130 1578 1175 1616 τῇ
1201 1578 1287 1616 χειρὶ
1316 1577 1555 1616 ἐργασάμενον·
1586 1578 1641 1617 qui
1667 1578 1829 1608 consilium

1130 1627 1215 1656 dedit
1229 1637 1295 1656 eum
1315 1637 1374 1656 non
1390 1628 1490 1657 minus
1506 1638 1602 1666 poena
1619 1630 1715 1658 teneri
1735 1639 1829 1668 quam

1130 1678 1185 1716 qui
1205 1687 1297 1706 manu
1318 1687 1382 1707 rem
1402 1678 1551 1717 effecerit:
1597 1679 1705 1718 [Orat.
1726 1689 1748 1709 1.
1777 1680 1830 1709 De

1129 1727 1305 1765 IUysteffii-s,
1336 1737 1410 1765 pag.
1435 1728 1503 1758 219.
1544 1728 1609 1759 Ed.
1639 1728 1756 1768 IVech.]
1792 1730 1828 1758 οὐ

1131 1778 1197 1815 γάρ
1220 1776 1259 1812 ἦν
1280 1776 1470 1815 πραχθῆναι
1490 1777 1535 1815 μή
1552 1778 1828 1815 βουλευσαμένου·

1130 1835 1225 1864 neque
1238 1827 1316 1854 enim
1327 1827 1392 1855 sine
1403 1827 1532 1855 consilio
1543 1836 1593 1856 res
1597 1827 1695 1865 facta
1699 1829 1829 1867 fuisset,

1130 1876 1175 1904 ait
1190 1876 1378 1904 Aristoteles
1393 1876 1430 1905 de
1441 1876 1574 1906 Poetica
1588 1887 1656 1915 cap.
1668 1880 1716 1907 17.
1746 1877 1830 1916 [Im-

1131 1934 1182 1954 mo
1198 1925 1235 1953 de
1249 1926 1340 1954 Rlzet.
1360 1934 1382 1955 1.
1400 1926 1443 1962 7.]

1192 1973 1203 1994 s
1222 1974 1382 2010 Laudant,
1403 1975 1613 2013 assentantur]
1640 1976 1828 2015 Chrysosto-

1131 2033 1201 2053 mus
1214 2032 1236 2054 1.
1251 2024 1291 2052 ad
1303 2024 1463 2053 Romanos
1475 2025 1556 2054 eirca
1566 2025 1674 2054 finem:
1695 2026 1748 2055 καὶ
1764 2026 1828 2065 γάρ

367 2166 490 2206 delict,
519 2177 561 2201 or
581 2166 624 2201 of
640 2166 777 2202 others.

828 2167 950 2202 Those
971 2168 1052 2202 who
1079 2178 1143 2202 are
1170 2168 1363 2213 partakers
1390 2168 1428 2201 in
1449 2166 1513 2201 the
1542 2165 1654 2201 delict
1678 2176 1742 2200 are
1763 2170 1829 2201 not
1865 2204 1869 2205 ⁷

365 2223 549 2270 punished
578 2235 618 2258 so
640 2224 752 2258 much
772 2224 833 2259 for
853 2224 1038 2260 another's
1059 2225 1172 2259 delict
1194 2236 1233 2259 as
1253 2225 1312 2259 for
1336 2224 1434 2259 their
1459 2234 1552 2258 own.

1602 2222 1699 2257 Who
1723 2222 1829 2258 these

366 2292 441 2321 are,
464 2292 549 2326 may
574 2281 622 2315 be
642 2281 870 2316 understood
899 2282 996 2316 from
1017 2281 1115 2316 what
1142 2281 1208 2316 has
1237 2282 1333 2316 been
1359 2281 1436 2316 said
1465 2280 1582 2315 above
1606 2280 1830 2326 concerning

366 2338 523 2382 damage
543 2338 763 2383 wrongfully
785 2339 960 2373 inflieted.
1009 2340 1083 2373 For
1103 2339 1305 2384 generally,
1332 2350 1354 2372 a
1374 2349 1509 2384 person
1535 2347 1657 2371 comes
1678 2341 1717 2371 to
1737 2336 1785 2372 be
1806 2348 1830 2372 a

366 2394 495 2429 sharer
515 2395 553 2428 in
571 2394 634 2429 the
652 2395 775 2435 delict,
793 2396 831 2429 in
849 2395 912 2430 the
934 2407 1034 2430 same
1052 2407 1130 2442 way
1147 2396 1185 2429 in
1203 2395 1322 2430 which
1339 2396 1386 2429 he
1404 2405 1526 2429 comes
1543 2397 1582 2428 to
1599 2394 1646 2428 be
1663 2405 1684 2427 a
1701 2393 1830 2429 sharer

367 2452 405 2484 in
428 2451 491 2485 the
518 2452 673 2496 damage
695 2452 811 2493 done,
839 2456 901 2498 yet
921 2453 949 2486 it
972 2453 1002 2487 is
1022 2457 1088 2487 not
1108 2453 1241 2498 always
1263 2456 1345 2487 true
1367 2452 1449 2487 that
1471 2451 1577 2485 when
1597 2461 1619 2484 a
1639 2461 1774 2496 person
1799 2451 1829 2485 is

368 2508 495 2542 bound
524 2508 584 2542 sor
614 2508 678 2543 the
709 2509 876 2555 damage,
902 2509 949 2544 he
974 2510 1003 2544 is
1034 2510 1110 2544 also
1142 2509 1253 2543 liable
1284 2513 1322 2543 to
1355 2508 1618 2554 punishment3
1647 2507 1716 2542 but
1741 2507 1829 2553 only

369 2565 476 2598 when
496 2565 601 2599 there
622 2565 688 2599 has
709 2566 816 2607 been,
834 2567 989 2607 besides,
1010 2577 1111 2601 some
1132 2566 1283 2601 notable
1304 2566 1457 2606 malice3
1478 2564 1640 2598 whereas
1660 2567 1699 2598 to
1721 2564 1829 2599 make

371 2632 393 2654 a
413 2633 547 2666 person
567 2622 693 2656 bound
714 2623 773 2656 for
793 2623 856 2657 the
874 2623 1040 2669 damage,
1061 2635 1133 2669 any
1153 2623 1247 2657 fault
1265 2623 1450 2657 whatever
1471 2622 1575 2656 often
1596 2621 1749 2656 suffices.

443 2683 463 2711 2
496 2679 697 2713 Therofore
719 2679 807 2725 they
827 2680 908 2714 who
933 2681 1129 2714 command
1146 2691 1168 2714 a
1188 2681 1325 2714 vieious
1350 2683 1422 2720 act,
1450 2678 1538 2724 they
1559 2677 1640 2712 who
1661 2678 1743 2723 give
1764 2676 1828 2711 the

371 2741 524 2769 consent
539 2735 656 2770 which
674 2736 702 2770 is
720 2737 893 2782 rcqusite,
908 2737 997 2783 they
1014 2737 1094 2771 who
1112 2738 1228 2777 assist,
1244 2737 1324 2771 who
1342 2736 1484 2770 receive
1501 2735 1564 2769 the
1581 2734 1716 2780 things,
1733 2745 1776 2768 or
1789 2733 1829 2766 in

370 2800 442 2834 any
459 2791 566 2825 other
584 2804 660 2838 way
677 2794 896 2839 participate
913 2795 951 2828 in
967 2794 1030 2829 the
1047 2794 1160 2828 crime
1178 2793 1281 2828 itself
1288 2806 1296 2834 3
1312 2793 1401 2838 they
1415 2792 1494 2826 who
1507 2792 1589 2837 give
1602 2791 1700 2825 their
1715 2800 1828 2824 coun-

370 2845 423 2879 sel
441 2848 597 2882 towards
618 2849 658 2889 it,
680 2849 760 2884 who
778 2851 898 2895 praise
919 2852 958 2892 it,
981 2851 1060 2886 who
1078 2854 1201 2886 assent
1217 2854 1255 2885 to
1276 2850 1328 2891 it3
1349 2849 1454 2884 those
1474 2848 1555 2882 who
1576 2847 1687 2892 being
1701 2845 1826 2880 bound
