2018 3204
125 793 162 817 De
174 794 248 822 Pace,
261 800 287 824 p.

123 825 168 848 183
181 830 208 848 D.

121 924 153 947 L.
168 925 228 948 Rer.
244 924 282 948 30.

124 955 157 977 Ι).
171 955 203 977 de
218 955 320 985 Usurp.

120 986 146 1009 et
162 985 240 1009 Usvc.

338 144 364 183 2
774 149 987 191 QUANDO
1019 150 1233 185 IMPERIA
1263 151 1361 185 VEL
1630 148 1724 192 [Lm.
1747 150 1794 184 11.

337 256 560 299 voluntatis
595 256 901 314 significatione,
927 258 1037 300 nullo
1062 258 1362 314 consanguineo
1392 259 1547 308 relicto,
1581 259 1794 307 moriatur,

338 337 457 364 omne
495 322 563 378 jus
604 323 713 379 quod
758 323 884 365 habet
927 324 1082 374 interit,
1129 338 1177 365 ac
1218 324 1390 378 proinde
1437 324 1547 366 servi
1593 324 1685 379 (nisi
1727 324 1796 365 lex

337 389 519 430 humana
552 388 764 445 impediat)
801 394 923 431 erunt
962 388 1108 430 liberi:
1141 388 1280 444 populi
1317 390 1387 445 qui
1426 389 1469 431 in
1505 390 1659 432 ditione
1705 389 1794 445 ejus

336 454 503 496 fuerant
525 454 587 496 sui
604 454 711 510 juris
741 455 864 504 fient3
902 454 998 509 quia
1027 469 1108 495 non
1137 460 1232 496 sunt
1255 454 1343 496 haec
1367 454 1429 496 sui
1452 460 1602 497 natura
1623 468 1795 510 occupa-

338 519 457 561 bilia:
495 519 572 561 nisi
604 520 838 561 libertatem
870 534 986 561 suam
1017 519 1126 561 ultro
1159 520 1376 562 deserant:

337 585 437 627 fient
462 585 707 640 occupantis.

1421 535 1487 562 res
1525 526 1662 563 autem
1701 519 1794 562 aliae

439 651 495 693 ΙΙ.
548 650 666 692 Idem
690 649 907 692 dicendum
931 649 990 692 asi
1013 649 1166 692 familia
1194 650 1402 700 defecerit,
1428 665 1520 707 quae
1537 651 1607 708 jus
1630 649 1796 707 aliquod

338 715 530 758 habebat.

440 782 518 823 ΙΙΙ.
572 783 596 823 1
641 781 770 831 Idem,
797 781 831 823 si
858 780 1043 837 populus,

1118 781 1237 824 Dixit
1260 782 1474 832 Isocrates,
1507 787 1549 823 et
1583 786 1675 838 post
1702 795 1796 822 eum

337 846 562 889 2Julianus
598 846 835 903 imperator,
874 846 1061 889 civitates
1096 861 1185 889 esse
1227 847 1492 897 immortales,
1529 847 1570 889 id
1604 852 1678 896 est,
1709 859 1796 887 esse

337 927 467 969 posse,
501 912 596 968 quia
627 913 779 955 scilicet
802 913 977 969 populus
1009 918 1071 955 est
1095 928 1145 955 ex
1170 927 1218 955 eo
1243 927 1459 969 corporum
1483 927 1650 970 genere,
1687 911 1797 967 quod

398 1025 412 1040 ὃ
433 1019 471 1048 Si
483 1018 619 1058 familia
654 1018 813 1056 defecerit]
851 1018 894 1047 Ut
916 1017 1038 1046 Danica

339 1068 414 1098 olim
444 1068 571 1097 Crantz.
606 1067 703 1097 Vsmd.
733 1076 808 1096 V111.
831 1068 885 1101 22.
920 1067 1036 1104 Rugia.

341 1118 510 1147 Crantzius
531 1118 613 1146 idem
640 1116 740 1146 Vaml.
760 1125 837 1145 vm.
860 1117 907 1144 12.
930 1116 1037 1144 Pelas-

339 1176 452 1205 gorum
467 1170 500 1196 et
515 1167 749 1195 Thessalorum.
786 1166 946 1203 Gregoras
966 1165 1034 1193 Lib.

342 1225 403 1245 v11.
421 1217 540 1254 (infin.
557 1225 630 1254 pag.
642 1217 709 1245 127.
725 1215 790 1244 Ed.
806 1215 913 1244 Calon.
930 1214 1035 1251 1616).

340 1266 673 1295 Usumcassanidarum
689 1265 721 1293 in
735 1265 864 1293 Perside
883 1263 1036 1293 Leuncla—

340 1315 407 1343 vius
422 1324 493 1344 XVI.
531 1315 624 1344 Adde
643 1314 781 1343 Leonem
797 1314 864 1343 Lib.
881 1315 928 1343 11.
951 1313 1038 1341 Afri-

341 1374 489 1394 canorum
506 1364 596 1403 (pag.
607 1365 675 1394 136.
686 1364 750 1393 Ed.
761 1364 913 1400 Elzevir.)
925 1363 961 1391 sle
976 1362 1039 1391 Τα-

340 1415 474 1444 rodanto
488 1425 498 1444 .-
522 1415 589 1443 etsi
603 1415 658 1450 vis,
674 1415 843 1443 Ernestum
861 1413 1037 1442 Cothman-

341 1474 415 1493 num
438 1473 522 1493 cons.
545 1464 599 1492 xli.
624 1473 710 1492 num.
728 1466 755 1491 1.
776 1466 808 1492 et
822 1463 1037 1500 sequentibus.

400 1514 412 1531 ²
432 1514 535 1543 Locus
551 1517 598 1543 est
612 1514 643 1542 in
658 1513 804 1553 Epistola
812 1523 875 1551 pro
886 1513 1035 1551 Aryz'vis:

343 1564 408 1593 Τάς
431 1564 549 1593 πόλεις
577 1564 610 1592 δὲ
645 1562 825 1592 ἀθανάτους
853 1563 951 1591 οὔσας
977 1565 1037 1591 etc.

342 1614 421 1652 Pag.
439 1615 495 1641 411
510 1622 542 1642 B.
561 1612 626 1641 Ed.
643 1612 759 1650 Spanh.
801 1612 837 1640 J.
852 1612 893 1641 B.

401 1663 414 1684 b
435 1663 490 1691 Ex
519 1661 720 1699 distantibus]
760 1662 878 1690 Seneca
906 1661 1040 1699 epistola

344 1722 406 1743 011.
428 1712 571 1750 quaedam
593 1711 737 1740 continua
758 1720 821 1739 esse
842 1720 986 1748 corpora,
1006 1713 1039 1739 ut

344 1763 492 1791 hominem
507 1772 516 1790 .-
549 1760 691 1799 quoedam
717 1760 897 1797 composita,
922 1763 955 1788 ut
981 1769 1039 1788 ηα-

344 1822 418 1848 vem,
450 1811 580 1847 domum,
615 1810 719 1838 omnia
753 1810 882 1847 denique
910 1819 1040 1847 quorum

338 1864 450 1900 partes
473 1861 600 1889 diversae
615 1859 768 1896 junctura
793 1859 825 1887 in
852 1868 944 1887 unum
970 1862 1040 1887 sunt

345 1914 480 1941 coactae.-
512 1909 653 1948 quoedam
679 1918 716 1937 ez
745 1908 941 1944 distantibus,
964 1918 1039 1946 quo-

345 1970 414 1989 rum
430 1960 533 1989 adhue
553 1959 687 1988 membra
704 1961 855 1996 separata
875 1962 954 1995 sunt,
970 1962 1039 1987 tan-

346 2020 439 2049 quam
453 2010 612 2045 exercitus,
623 2008 769 2046 populns,
784 2011 917 2037 senatus.
947 2008 1041 2037 Sum-

345 2063 380 2088 ta
394 2060 459 2088 haec
475 2068 514 2088 ex
528 2059 653 2087 Achille
667 2058 770 2093 Tatio,
789 2057 878 2095 eujus
899 2057 937 2085 ad
959 2058 1041 2086 Ara-

346 2113 413 2140 tum
443 2110 509 2139 haee
537 2112 610 2138 sunt
639 2109 743 2144 verba,
775 2108 855 2146 (cap.
884 2107 946 2137 xiv.
974 2108 1038 2137 Ed.

346 2160 473 2197 Petav.)
488 2169 525 2188 ex
543 2159 673 2188 Conone
693 2158 757 2194 illo,
773 2157 860 2196 cujus
881 2160 1041 2195 repertum

1105 1020 1153 1046 est
1168 1027 1257 1047 coma
1271 1018 1453 1047 Berenices:
1468 1015 1680 1056 παρετήρησε
1689 1016 1721 1045 δὲ
1733 1015 1800 1045 Κό-

1106 1079 1167 1097 νων
1188 1067 1204 1096 ὁ
1226 1067 1461 1105 μαθηματικὸς,
1482 1067 1621 1105 σώματα
1641 1066 1801 1104 λέγεσθαι.

1107 1117 1169 1145 ὅσα
1187 1118 1250 1145 ὑπὸ
1261 1119 1336 1153 μιᾶς
1351 1118 1448 1155 ἕξεως
1458 1116 1602 1154 η’νωμένα
1614 1120 1801 1154 κρατεῖται,

1106 1167 1175 1195 οἶον
1189 1166 1289 1204 λίθος,
1306 1167 1416 1205 ξύλον.
1439 1166 1513 1195 ἔστι
1533 1167 1564 1195 δὲ
1585 1167 1650 1204 ἕξις
1671 1167 1798 1203 πνεῦμα

1106 1216 1257 1253 σώματος
1275 1217 1474 1246 συνεκτικόν.
1491 1216 1675 1253 συνημμένα
1691 1216 1722 1244 δὲ
1739 1215 1802 1244 ὅσα

1107 1267 1169 1305 οὐχ
1186 1267 1249 1295 ὑπὸ
1264 1268 1338 1305 μιᾶς
1353 1267 1449 1305 ἕξεως
1467 1266 1605 1301 δέδεται,
1620 1265 1662 1294 ὠς
1680 1266 1801 1294 πλοῖον

1107 1316 1160 1345 καὶ
1176 1317 1272 1345 οἰκία.
1295 1316 1336 1344 τὸ
1351 1317 1409 1353 μὲν
1430 1316 1495 1354 ’γάρ
1506 1315 1540 1344 ὲκ
1554 1315 1693 1344 πολλῶν
1708 1315 1800 1343 σανί-

1107 1366 1177 1402 δων,
1192 1365 1209 1401 ἠ
1229 1366 1261 1394 δὲ
1284 1367 1319 1395 ἐκ
1341 1366 1481 1394 πολλῶν
1501 1365 1601 1394 λίθων
1615 1365 1803 1403 σύγκειται,

1107 1416 1272 1444 διεστῶτα
1293 1416 1338 1451 δὲ,
1361 1415 1401 1444 ὠς
1423 1415 1531 1454 χορός.
1551 1415 1619 1444 τῶν
1640 1415 1672 1444 δὲ
1692 1415 1802 1443 τοιού-

1108 1476 1175 1493 των
1192 1464 1305 1493 ὂιτταὶ
1328 1463 1360 1492 αἱ,
1383 1464 1553 1501 διαφοραί.
1582 1463 1628 1492 ‘ra‘
1649 1464 1707 1501 μὲν
1734 1463 1800 1502 γάρ

1109 1514 1145 1552 ἐξ
1176 1513 1361 1551 ιιὶρισμένων
1395 1512 1558 1550 σωμάτων
1589 1512 1643 1541 καὶ
1676 1511 1803 1550 ἀριθμῷ

1109 1563 1258 1598 ληπτῶν,
1279 1562 1319 1591 ὡς
1334 1561 1442 1601 χορός.
1467 1563 1512 1592 τά
1526 1563 1558 1591 δὲ
1575 1562 1612 1600 ἐξ
1625 1562 1802 1600 ἀορίστων,

1109 1612 1150 1641 ὠς
1186 1611 1304 1650 ὄχλος·
1353 1612 1535 1641 Observavit
1571 1612 1804 1641 mathematicus

1113 1660 1231 1694 Conon,
1260 1670 1394 1698 corpora
1421 1661 1484 1689 dici
1511 1670 1580 1698 quoe
1606 1670 1665 1689 uno
1702 1664 1804 1690 tenore

1109 1719 1201 1738 unum
1219 1710 1317 1747 fiunt.
1359 1710 1418 1738 Est
1440 1713 1540 1738 autem
1566 1713 1652 1739 tenor
1673 1711 1804 1748 spiritus

1109 1768 1222 1796 corpus
1246 1759 1411 1789 continens.
1456 1760 1602 1789 Conneoea
1628 1769 1710 1796 vero,
1737 1769 1806 1799 quae

1109 1818 1169 1837 non
1183 1817 1241 1836 uno
1264 1812 1366 1837 tenore
1381 1808 1494 1844 juncta
1511 1811 1590 1844 sunt,
1607 1812 1640 1838 ut
1657 1810 1756 1846 navis,
1771 1812 1803 1838 ut

1110 1859 1216 1888 domus
1230 1870 1239 1888 .·
1263 1868 1334 1887 nam
1349 1863 1377 1887 et
1389 1859 1445 1888 illa
1457 1869 1494 1887 ez·
1508 1860 1612 1888 multis
1623 1863 1665 1888 est
1679 1860 1803 1898 tabulis,

1109 1912 1137 1938 et
1152 1909 1213 1937 lzaec
1227 1917 1265 1937 ω’
1279 1909 1438 1946 lapidibus
1456 1909 1560 1937 multis
1574 1919 1583 1938 .-
1601 1909 1754 1938 distantia
1771 1913 1804 1938 ut

1111 1959 1222 1987 chorus
1236 1968 1245 1987 :
1268 1958 1323 1987 sed
1335 1961 1362 1986 et
1378 1959 1442 1987 Izoec
1459 1958 1551 1986 duum
1567 1967 1709 1996 qenerum
1725 1958 1806 1987 inter

1110 2017 1141 2036 se
1155 2007 1370 2046 differentium.
1412 2007 1490 2036 Sunt
1504 2008 1582 2036 enim
1596 2008 1664 2036 alia
1678 2017 1715 2036 ez·
1736 2017 1805 2037 cor-

1106 2058 1238 2097 poribus
1252 2058 1387 2095 definitis
1400 2061 1428 2086 et
1440 2067 1504 2096 qnae
1523 2067 1678 2086 numerum
1697 2058 1807 2086 habent

1112 2107 1379 2146 coquitufacilem,
1400 2110 1432 2136 ut
1446 2107 1558 2135 chorus
1571 2118 1580 2137 .·
1603 2107 1672 2136 alia
1682 2117 1718 2136 ex
1733 2108 1806 2146 infi-

1111 2157 1197 2191 nitis,
1214 2160 1247 2185 ut
1256 2157 1402 2194 populus.
1444 2158 1591 2195 Apparet
1611 2157 1683 2186 hinc
1703 2161 1806 2187 sumta

345 2278 565 2313 Wherefore
586 2278 618 2312 if
635 2289 707 2323 any
723 2289 858 2323 person
875 2278 934 2312 die
954 2277 1110 2312 without
1125 2278 1249 2323 giving
1269 2288 1341 2323 any
1359 2276 1560 2311 indication
1587 2276 1629 2310 of
1644 2276 1700 2310 his
1721 2275 1805 2317 will,

345 2336 421 2370 and
448 2335 604 2369 without
623 2335 768 2380 leaving
789 2346 861 2381 any
881 2335 1045 2374 relative,
1073 2345 1183 2380 every
1206 2334 1305 2379 right
1331 2333 1449 2368 which
1469 2333 1516 2367 he
1537 2332 1610 2367 had
1630 2332 1806 2378 perishes‚

346 2392 420 2427 and
444 2391 633 2426 therefore
653 2391 709 2426 his
732 2392 847 2426 slaves
873 2390 1020 2437 (except
1041 2402 1143 2426 some
1169 2391 1309 2425 human
1333 2391 1402 2424 law
1421 2393 1576 2436 prevent
1596 2389 1642 2432 it)
1663 2389 1738 2423 will
1758 2389 1805 2423 be

346 2450 447 2490 free;
471 2449 536 2483 the
553 2449 704 2494 peoples
726 2448 805 2483 who
823 2448 896 2482 had
918 2448 1013 2483 been
1033 2448 1152 2482 under
1171 2448 1227 2481 his
1248 2447 1436 2493 authority
1452 2446 1526 2480 will
1545 2446 1592 2481 be
1610 2445 1707 2480 their
1724 2456 1805 2480 own

347 2509 514 2547 masters,
529 2505 686 2540 because
706 2505 811 2539 these
830 2505 953 2550 things
972 2503 1105 2547 (slaves
1120 2504 1194 2538 and
1214 2502 1492 2550 governments)
1513 2514 1576 2538 are
1595 2506 1662 2537 not
1682 2502 1805 2546 things

347 2562 467 2597 which
491 2574 560 2597 can
581 2562 627 2597 be
657 2562 769 2596 taken
795 2562 1002 2607 possession
1023 2562 1065 2596 of
1090 2561 1138 2608 by
1158 2561 1222 2596 the
1246 2561 1326 2596 first
1347 2572 1493 2602 comer3
1523 2560 1592 2595 but
1615 2559 1672 2593 his
1697 2559 1807 2594 other

347 2623 525 2666 property
541 2631 626 2665 may
643 2619 690 2653 be
707 2630 746 2653 so
765 2619 937 2664 occupied.

423 2677 474 2711 ΙΙ.
537 2676 616 2710 The
637 2687 736 2710 same
756 2675 875 2710 which
895 2686 949 2710 we
969 2675 1062 2710 have
1084 2675 1163 2710 said
1184 2674 1227 2709 of
1242 2685 1264 2709 a
1293 2685 1428 2721 person
1451 2684 1537 2720 may
1556 2672 1604 2708 be
1623 2672 1702 2708 said
1722 2671 1765 2706 of
1784 2683 1807 2706 a

347 2733 492 2777 Family
511 2732 629 2766 which
649 2733 743 2773 fails,
764 2732 837 2766 and
854 2732 972 2767 which
989 2732 1063 2766 had
1081 2743 1153 2778 any
1169 2731 1297 2777 rights.

423 2788 492 2823 III.
528 2792 545 2822 1
579 2788 658 2822 The
684 2800 796 2831 same,
820 2789 853 2823 if
878 2800 900 2823 a
919 2789 1059 2835 People
1082 2789 1177 2823 fails.
1224 2789 1416 2829 Isocrates,
1437 2786 1511 2822 and
1531 2785 1627 2820 after
1642 2785 1720 2819 him
1740 2784 1804 2819 the

347 2846 529 2891 Emperor
548 2845 675 2879 Julian
691 2846 781 2886 said,
801 2846 883 2880 that
904 2850 1017 2881 states
1038 2857 1101 2880 are
1121 2845 1324 2886 immortal3
1345 2845 1426 2879 that
1447 2844 1488 2884 is,
1508 2842 1590 2877 that
1611 2841 1700 2887 they
1719 2852 1805 2886 may

346 2902 394 2936 be
407 2912 468 2943 s03
491 2902 649 2936 because
665 2913 687 2936 a
702 2902 843 2948 Pcople
864 2903 893 2937 is
910 2902 992 2937 that
1009 2902 1102 2937 kind
1116 2902 1159 2937 of
1171 2902 1270 2948 body
1281 2900 1399 2935 which
1415 2900 1567 2934 consists
1582 2898 1624 2933 of
1636 2901 1805 2944 separate
