2018 3204
257 186 347 221 GAP.
369 182 474 230 XX]
840 187 907 221 DE
939 186 1119 221 POENIS.
1633 180 1715 223 277

255 294 371 350 quasi
392 309 472 336 uno
491 294 570 336 fine
593 295 752 337 sublato
771 295 939 338 tollatur
957 309 1091 352 poena,
1117 309 1206 337 cum
1231 299 1373 336 contra
1393 307 1532 335 omnes
1556 307 1714 336 cessare

257 365 445 416 oporteat
469 365 514 401 ut
545 374 677 416 poenae
702 361 811 402 loeus
844 376 924 402 non
948 361 1011 403 sit.
1070 360 1231 402 Deinde
1261 360 1372 401 illum
1404 359 1524 401 finem
1550 358 1712 409 omittit,

256 440 346 467 cum
371 425 491 466 homo
515 425 820 468 inemendabilis
844 426 940 468 vitae
971 426 1175 476 eximitur,
1206 439 1258 468 ne
1282 425 1401 481 plura
1421 431 1493 467 aut
1520 424 1715 482 graviora

256 496 421 546 peccet:
465 496 506 532 et
549 491 658 546 quod
703 492 754 533 de
789 491 955 547 jactura
991 491 1200 548 dignitatis
1235 490 1350 541 dixit,
1386 490 1508 533 etiam
1547 490 1599 532 ad
1634 490 1714 532 alia

257 556 417 605 damna,
443 570 535 610 quae
559 562 808 606 metuuntur,
834 557 1136 598 extendendum
1160 557 1246 599 fuit.

357 622 383 661 2
429 620 577 662 Melius
603 622 758 663 Seneca
780 637 869 663 eum
894 622 1022 665 dixit:
1049 625 1103 663 In
1127 624 1404 664 vindicandis
1424 623 1605 676 injuriis
1624 623 1714 665 haee
1731 635 1886 689 ἐξοίσω-ἰ.

257 687 347 727 tria
379 687 445 728 leoe
474 695 651 741 sequuta
682 693 754 737 est,
787 703 879 743 qzcce
899 689 1104 743 princeps
1135 702 1299 743 quoque
1330 689 1450 742 sequi
1478 688 1608 736 debet,
1639 683 1714 730 “ut
1764 683 1769 689 ¹

256 760 333 792 aut
361 766 453 793 eam
477 766 598 806 quem
623 755 754 807 punit
784 755 980 801 emendet,
1011 759 1089 794 aut
1113 762 1163 795 ut
1186 768 1316 808 poena
1341 753 1429 806 ejas
1456 760 1611 795 ceteros
1633 769 1715 796 me-

257 818 383 859 liores
410 819 578 868 reddat,
612 827 688 859 aut
713 827 760 860 ut
781 820 964 861 sublatis
992 820 1121 861 malis
1150 820 1382 860 securiores
1405 819 1533 860 ceteri
1552 819 1712 860 vivant.

255 882 363 923 Nam
388 882 453 923 hic
474 882 506 923 si
531 897 604 938 per
629 890 785 925 ceteros
806 884 1022 940 intelligas,
1049 898 1129 924 non
1154 883 1285 924 minus
1303 882 1372 937 qui
1392 881 1478 924 laesi
1495 882 1580 938 Jam
1606 889 1713 933 sunt,

256 962 378 1002 quam
418 948 488 1003 qui
522 948 615 989 laedi
652 949 785 990 adhuc
822 954 1002 1005 possunt,
1043 948 1204 1004 plenam
1236 947 1406 989 habebis
1437 947 1714 1004 partitionem,

256 1012 334 1053 nisi
358 1014 465 1068 quod
490 1013 543 1055 ad
567 1013 665 1055 illud
686 1016 868 1056 sublatis
891 1014 1123 1055 addendum
1145 1014 1232 1063 suit,
1256 1018 1327 1055 aut
1350 1013 1560 1069 repressis,
1607 1015 1716 1055 Nam

256 1084 298 1119 et
333 1078 492 1120 vincula
527 1085 568 1121 et
605 1094 855 1134 quaeeunque
890 1085 953 1121 est
994 1079 1139 1121 virium
1181 1078 1402 1121 deminutio
1441 1093 1489 1120 eo
1524 1079 1715 1134 pertinet.

256 1143 395 1185 Minus
431 1144 612 1200 perfecta
636 1150 698 1186 est
729 1144 798 1185 illa
828 1144 908 1186 alio
936 1144 1022 1185 loeo
1054 1144 1233 1200 ejusdem
1265 1144 1430 1186 Senecae
1460 1144 1716 1187 distributio:

255 1211 353 1251 IIoc
375 1224 536 1264 semper
557 1212 603 1251 in
633 1211 750 1251 omni
773 1211 1143 1252 animadversione
1174 1212 1372 1259 servabit,
1405 1218 1457 1251 ut
1478 1211 1590 1252 sciat
1614 1212 1716 1253 alte·
1736 1223 1799 1277 {nul
1803 1230 1824 1278 t1
1835 1225 1866 1248 ae
1876 1223 1933 1251 ινα.

255 1290 353 1315 ram
383 1276 583 1317 adhiberi
620 1283 669 1316 ut
703 1277 888 1317 emendet
918 1277 1065 1324 malos,
1097 1277 1280 1318 alteram
1319 1284 1370 1317 ut
1403 1277 1540 1317 tollat.
1609 1276 1717 1318 Illud
1736 1263 1788 1279 hu
1816 1271 1820 1276 ¹

258 1339 497 1389 Quintiliani
521 1340 671 1381 dictum
698 1340 906 1395 aliquanto
932 1340 1054 1382 etiam
1080 1340 1381 1397 imperfectius:
1422 1343 1572 1383 Omnis
1588 1357 1717 1395 paena
1738 1355 1875 1381 heaf-²7⁴.

254 1420 337 1447 non
360 1414 449 1447 tam
474 1407 533 1447 acl
555 1407 757 1447 delictum
781 1408 964 1461 pertinet
989 1422 1117 1459 quam
1143 1409 1203 1448 ad
1225 1407 1471 1461 ememplum.

254 1515 326 1544 utili
339 1515 426 1553 operi
441 1516 563 1553 inteqra
584 1524 688 1544 eorum
702 1515 836 1543 membra
852 1515 955 1544 deser-
1022 1516 1096 1544 τοὺς
1111 1514 1370 1553 πλησιάζοντας.
1392 1515 1424 1544 αἱ
1440 1515 1505 1553 γάρ
1524 1516 1645 1554 ἑτέρων
1666 1529 1719 1547 τι-

253 1565 349 1594 υἱαηί.
398 1565 480 1595 Vide
504 1569 535 1594 et
558 1564 697 1593 Nectarii
721 1564 886 1602 epistolam
915 1565 953 1593 ad
1021 1565 1139 1602 μωρῖαι
1161 1565 1336 1601 βελτιοῦσι
1357 1566 1433 1594 τοὺς
1454 1565 1603 1596 πολλοὺς
1623 1566 1719 1605 φόβῳ

254 1616 483 1654 Augustinum,
505 1625 574 1652 quae
590 1618 637 1643 est
652 1623 717 1643 cci.
1021 1614 1081 1641 τοῦ
1096 1613 1139 1650 μή
1153 1612 1377 1651 παραπλήσια
1391 1614 1521 1643 παθεῖν·
1540 1625 1634 1653 poena
1642 1626 1720 1655 sape

315 1664 330 1684 Β
357 1665 399 1694 L't
420 1668 475 1693 aut
497 1674 562 1692 eum
585 1673 671 1702 quem
693 1664 786 1702 punit
813 1664 954 1700 emendet,
1021 1663 1153 1701 corriyit
1167 1666 1195 1692 et
1208 1663 1345 1692 emendat
1359 1664 1452 1692 etiam
1463 1673 1530 1693 eum
1544 1665 1720 1703 quipecca-

255 1719 309 1745 αιιι
321 1719 352 1745 ut
362 1725 455 1754 poena
466 1715 530 1751 ejus
551 1718 664 1744 ceteros
677 1715 816 1743 meliores
828 1715 952 1752 reddat]
1021 1714 1082 1742 vit.-
1107 1713 1191 1751 quod
1210 1713 1239 1741 si
1262 1713 1297 1741 id
1317 1723 1376 1741 non
1395 1714 1524 1751 eveniat,
1546 1718 1624 1744 certe
1639 1715 1721 1744 alios

255 1767 332 1795 naec
357 1766 419 1794 duo
442 1766 537 1794 etiam
563 1765 654 1794 Philo
678 1765 784 1803 posuit
808 1765 840 1793 in
864 1765 951 1803 lega·
1019 1772 1149 1800 quorum
1177 1762 1221 1790 ad
1247 1762 1390 1791 notitiam
1411 1764 1574 1800 pervenit:
1611 1764 1722 1793 multos

254 1817 357 1845 tione:
381 1815 436 1844 ὅτι
461 1816 515 1843 καὶ
540 1814 558 1849 η’
578 1814 716 1843 κόλασις
732 1813 878 1843 νουθετεῖ
898 1814 950 1843 καὶ
1019 1812 1098 1840 enim
1121 1811 1261 1839 meliores
1277 1811 1410 1848 faciunt
1431 1812 1537 1841 aliena
1564 1814 1721 1851 supplicia

255 1864 453 1902 σωφρονίζει
488 1862 653 1892 πολλάκις
695 1864 753 1900 μὲν
788 1863 839 1891 καὶ
875 1864 951 1891 τοὺς
1013 1861 1108 1898 paris
1125 1860 1393 1897 maliformz'dine,
1415 1861 1501 1900 (pag-
1517 1863 1576 1894 992
1593 1863 1641 1900 Β.)

253 1913 517 1952 ἁμαρτάνοντας·
540 1913 567 1941 εἰ
587 1913 618 1941 δὲ
642 1911 696 1949 μή,
716 1911 852 1941 πάντως
872 1912 952 1950 ’γοῦν

254 2078 296 2113 of
312 2078 551 2124 punishment
582 2078 612 2111 is
638 2077 749 2111 taken
780 2088 893 2123 away,
925 2076 989 2111 the
1018 2076 1260 2123 punishment
1290 2076 1424 2111 should
1450 2077 1497 2112 be
1523 2080 1720 2121 removed3

252 2135 360 2170 while
381 2146 429 2169 011
450 2134 513 2169 the
531 2133 638 2169 other
654 2133 766 2174 hand,
786 2134 836 2167 all
856 2134 920 2168 the
938 2133 1029 2168 ends
1046 2137 1145 2168 must
1163 2144 1267 2168 cease
1285 2137 1324 2168 to
1345 2134 1438 2168 exist
1455 2134 1492 2167 in
1510 2134 1621 2169 order
1637 2135 1720 2171 that

252 2191 358 2227 there
374 2203 459 2237 may
476 2192 522 2226 be
540 2202 588 2225 no
605 2190 750 2235 ground
768 2190 826 2224 for
842 2189 1093 2235 punishment.
1138 2189 1223 2224 And
1242 2200 1433 2224 moreover
1450 2189 1497 2224 he
1511 2191 1620 2225 omits
1637 2191 1720 2226 that

252 2248 336 2289 end,
365 2248 471 2282 when
496 2259 518 2281 a
546 2258 631 2280 man
652 2246 733 2280 who
755 2247 784 2280 is
801 2246 1075 2280 unamendable
1093 2246 1122 2280 is
1148 2246 1324 2280 removed
1345 2246 1442 2280 from
1468 2246 1545 2288 life,
1564 2247 1646 2282 that
1671 2248 1719 2283 he

251 2316 338 2350 may
354 2308 420 2338 not
437 2304 589 2338 commit
609 2314 711 2336 more
730 2313 771 2336 or
788 2306 935 2347 greater
952 2303 1105 2337 crimes:
1139 2302 1211 2336 and
1233 2302 1331 2336 what
1352 2302 1399 2336 he
1420 2313 1502 2348 says
1523 2303 1566 2338 of
1589 2304 1661 2339 loss
1680 2305 1724 2340 of

256 2361 412 2406 dignity,
428 2361 458 2394 is
479 2365 517 2394 to
539 2360 585 2393 be
602 2359 784 2393 extended
803 2362 842 2393 to
860 2358 968 2393 other
988 2359 1076 2393 evils
1093 2358 1211 2393 which
1232 2370 1295 2393 are
1316 2363 1355 2393 to
1372 2359 1419 2393 be
1437 2359 1573 2394 feared.

328 2421 349 2450 2
384 2417 526 2450 Seneca
542 2415 656 2460 spoke
672 2415 796 2449 better
816 2415 920 2449 when
939 2415 986 2449 he
1009 2416 1087 2449 said
1105 2429 1112 2449 ε
1139 2416 1186 2449 In
1198 2416 1395 2461 panislziny
1413 2428 1562 2461 wronys,
1580 2418 1632 2451 the
1650 2418 1720 2452 law

253 2474 316 2506 has
334 2474 405 2505 had
420 2474 505 2506 these
522 2473 611 2506 three
631 2473 763 2517 objects,
784 2473 892 2505 which
909 2473 961 2506 tlte
976 2473 1101 2517 princc
1117 2473 1191 2507 also
1209 2474 1314 2517 ouyht
1332 2478 1365 2507 to
1387 2474 1461 2506 aim
1479 2479 1516 2507 at
1529 2486 1542 2512 ;
1564 2474 1669 2508 either
1686 2481 1719 2509 to

255 2530 384 2563 amend
400 2529 471 2562 him
489 2530 563 2562 wlco
582 2529 610 2562 is
622 2529 798 2573 pzmislzed
807 2541 819 2566 ,·
846 2540 887 2562 or
906 2534 938 2562 to
956 2529 1056 2563 make
1073 2530 1184 2564 others
1207 2531 1310 2563 better
1335 2531 1377 2575 by
1397 2531 1450 2563 the
1463 2531 1692 2574 punishment
1704 2544 1718 2569 ‚·

252 2592 344 2620 orto
362 2585 463 2619 make
484 2586 536 2619 tlte
558 2591 623 2619 rest
649 2586 696 2629 of
712 2585 890 2618 mankind
905 2597 1000 2619 more
1016 2597 1131 2620 secure
1159 2587 1202 2631 by
1219 2587 1400 2630 removz'ny
1427 2587 1479 2620 the
1505 2587 1585 2620 bad.
1645 2587 1720 2621 For

252 2642 353 2682 here,
371 2642 402 2675 if
416 2642 464 2686 by
481 2642 533 2675 tlte
549 2647 627 2681 rest,
646 2641 692 2675 he
714 2652 840 2676 means
856 2645 921 2675 not
943 2642 1029 2687 only
1047 2641 1152 2677 those
1163 2642 1244 2677 who
1261 2642 1354 2677 have
1369 2642 1463 2677 been
1482 2643 1639 2687 injured,
1651 2643 1720 2678 but

253 2698 379 2733 others
396 2698 477 2731 who
495 2709 578 2743 may
599 2697 788 2732 hereafter
805 2698 851 2732 be
872 2708 924 2738 so,
948 2709 1022 2744 you
1049 2698 1143 2733 have
1160 2710 1182 2732 a
1203 2699 1386 2744 complete
1411 2699 1566 2733 division
1595 2700 1638 2734 of
1654 2700 1719 2735 the

252 2755 407 2799 subject,
428 2759 559 2799 except
580 2753 662 2788 that
690 2757 728 2788 to
757 2755 935 2799 renzovinsj
957 2765 1030 2800 you
1048 2754 1181 2789 should
1206 2755 1279 2789 add
1304 2767 1346 2789 or
1374 2756 1584 2801 repressiny.
1645 2756 1720 2791 For

251 2811 343 2846 both
362 2812 655 2856 imprisonment,
681 2810 753 2844 and
782 2821 854 2855 any
881 2811 989 2845 other
1016 2822 1095 2856 way
1126 2811 1169 2845 of
1193 2811 1432 2857 diminishing
1459 2812 1556 2847 their
1582 2823 1718 2858 power,

252 2868 359 2902 tends
390 2867 454 2901 the
495 2878 595 2901 same
625 2878 715 2911 way.
793 2867 851 2901 lle
888 2866 954 2901 has
990 2868 1148 2903 another
1175 2868 1246 2903 less
1289 2868 1433 2914 perfect
1472 2869 1650 2915 partition
1678 2870 1717 2903 in

252 2924 409 2959 another
430 2924 558 2969 place3
588 2935 626 2958 as
648 2923 713 2958 has
732 2923 950 2964 Quintilian.
