2018 3204
195 207 286 242 Car.
306 205 430 250 XVI.]
623 207 690 242 DE
722 208 1217 245 INTERPRETATIONE.
1567 205 1648 247 175

194 322 268 365 sed
291 326 454 378 oportet
477 321 618 364 eadem
643 321 720 372 sit;
757 337 831 364 nec
855 322 897 365 id
920 337 1081 380 semper
1104 322 1202 365 satis
1226 327 1299 372 est,
1322 327 1367 365 ut
1392 322 1572 366 dicamus
1595 339 1648 366 ex

194 387 353 430 ratione
393 387 620 430 faciendam
663 389 963 431 extensionem:
1010 388 1117 444 quia,
1154 394 1201 431 ut
1241 388 1360 431 modo
1400 388 1646 439 dicebamus,

195 468 305 509 saepe
327 454 432 496 ratio
456 453 514 495 ita
537 459 684 503 movet,
721 459 767 496 ut
790 454 977 497 voluntas
1000 460 1137 498 tamen
1160 454 1212 496 sit
1237 468 1359 497 causa
1378 469 1452 512 per
1475 469 1518 497 se
1541 456 1648 497 suffi-

194 519 315 568 ciens,
341 519 463 561 etiam
487 519 572 560 sine
595 520 754 561 ratione
776 519 856 561 illa.

295 586 322 626 2
370 584 433 626 Ut
464 599 563 641 ergo
597 585 691 626 talis
719 585 901 627 extensio
935 590 1047 627 recte
1076 585 1160 635 fiat,
1191 600 1292 642 opus
1323 590 1385 628 est
1412 591 1457 628 ut
1490 591 1647 629 constet

192 649 406 699 rationem,
431 650 506 691 sub
529 664 652 705 quam
671 650 782 692 venit
806 665 920 692 casus
944 665 1063 706 quein
1083 651 1266 693 volumus
1286 652 1644 708 comprehendere,

193 729 282 757 esse
311 730 473 758 causam
496 716 656 757 unicam
679 722 722 758 et
756 717 968 764 efficacem,
1003 731 1094 772 quae
1117 717 1422 772 promittentem
1457 717 1644 766 moverit,

178 795 364 837 ,eamque
387 781 586 823 rationem
611 781 663 823 ab
688 796 735 823 eo
760 781 1054 823 consideratam
1082 781 1123 822 in
1147 796 1221 823 sua
1243 782 1524 837 generalitate,
1551 783 1647 838 quia

192 845 342 902 alioqui
365 846 575 903 promissio
607 847 747 888 futura
770 847 912 888 fuisset
945 846 1082 902 iniqua
1106 853 1177 888 aut
1199 847 1365 889 inutilis.
1421 848 1523 889 Haec
1547 862 1646 903 quo-

192 926 272 967 que
303 926 399 968 pars
432 911 603 954 tractari
630 912 732 954 solet
758 927 784 953 a
816 911 1050 953 rhetoribus
1081 912 1122 953 in
1148 911 1236 953 loco
1273 912 1370 972 περὶ
1402 909 1541 971 ῥητοῦ
1575 912 1644 956 καὶ

192 973 384 1026 διανοίας,
409 977 522 1033 cujus
554 977 727 1033 speciem
750 992 872 1018 unam
904 982 1072 1032 ponunt,
1106 977 1264 1032 quoties
1288 993 1449 1034 semper
1473 979 1645 1020 eandem

190 1043 434 1085 sententiam
466 1042 659 1085 dicimus:
703 1042 775 1083 sed
809 1048 851 1084 et
884 1042 990 1084 alter
1024 1042 1135 1084 locus
1170 1041 1285 1087 acm-oi
1319 1042 1643 1102 συλλογισμόν,

185 1124 268 1164 per
309 1110 683 1151 ratiocinationem
717 1108 797 1149 huc
828 1106 1031 1163 pertinet:
1072 1108 1262 1151 nimirum
1302 1110 1372 1151 ubi
1411 1124 1462 1151 ex
1494 1110 1644 1166 scripto

190 1174 372 1216 ducimus
396 1174 505 1229 quod
534 1173 729 1229 scriptum
752 1187 833 1214 non
857 1179 931 1224 est,
957 1180 1003 1216 ut
1033 1173 1212 1230 loquitur
1245 1175 1530 1225 Quintilianus.
1588 1177 1645 1218 Et

189 1253 282 1295 quae
302 1254 327 1281 a
343 1239 641 1296 jurisconsultis
662 1239 881 1281 traduntur
903 1239 976 1281 zde
1001 1240 1076 1289 his,
1099 1255 1190 1296 quae
1212 1240 1253 1282 in
1274 1241 1461 1283 fraudem
1485 1241 1601 1285 fiunt.

246 1361 259 1376 ²
274 1355 324 1384 De
339 1355 476 1394 his‚quae
491 1354 781 1393 infranclemfizmt]
799 1355 885 1384 Bene

189 1404 308 1434 Seneca
322 1406 477 1444 excerptis
495 1404 777 1434 controversiarum
793 1413 840 1434 w.
855 1406 884 1434 3.

191 1453 445 1493 Circumscriptio
459 1465 576 1493 semper
591 1455 701 1484 crimen
717 1455 772 1483 sub
786 1455 885 1492 specie

189 1503 266 1542 leqis
294 1505 442 1534 involvit:
480 1504 563 1542 quod
589 1506 723 1541 apparet
751 1504 782 1532 in
816 1503 884 1539 illa,

188 1553 356 1592 leqitimum
380 1557 445 1584 est.-
480 1553 564 1592 quod
587 1553 669 1589 latet,
693 1553 883 1582 insidiosum.

190 1603 404 1638 Quintilianus
439 1603 651 1632 controversia
679 1603 789 1641 (immo
816 1602 884 1631 De-

189 1652 330 1690 clamat.)
349 1662 514 1682 cecxmu.
536 1652 646 1690 Neque
657 1653 735 1681 enim
751 1662 885 1690 unquam

189 1702 366 1731 decurritur
393 1702 437 1731 ad
459 1703 539 1731 hanc
567 1703 660 1740 leqem
687 1703 818 1739 (nempe
846 1702 885 1730 de

951 1364 1061 1385 xvm:
1087 1356 1209 1393 Quippe
1231 1357 1324 1385 etiam
1345 1356 1409 1394 leqe
1429 1357 1566 1386 Stolonis
1586 1357 1644 1386 Li-

950 1405 1026 1434 cinii
1049 1405 1165 1434 incluso
1187 1406 1276 1434 modo
1300 1406 1337 1434 Io
1353 1405 1509 1443 jtherum,
1528 1410 1556 1435 et
1577 1407 1645 1444 ipso

949 1463 1008 1483 sua
1031 1454 1095 1492 lesse
1122 1455 1278 1491 damnato,
1306 1464 1372 1483 cum
1395 1455 1561 1484 substituta
1573 1456 1646 1493 filii

944 1513 1083 1541 persona
1109 1504 1245 1541 amplius
1263 1504 1448 1542 possideret.
1485 1505 1576 1542 (Cap.
1600 1505 1644 1543 3.)

950 1553 1009 1582 Est
1020 1553 1127 1582 eadem
1144 1553 1272 1582 historia
1283 1554 1367 1592 apud
1381 1554 1541 1583 Valerium
1553 1555 1645 1583 Max-

950 1602 1044 1631 imum
1062 1611 1137 1632 vnI.
1160 1612 1185 1632 e.
1201 1604 1240 1632 vi.
1256 1605 1284 1633 3.
1327 1603 1409 1633 Vide
1429 1604 1515 1633 aliud
1537 1614 1644 1633 exem-

950 1651 1037 1688 plum
1052 1652 1135 1689 apud
1148 1652 1292 1681 Tacitum
1304 1653 1471 1682 Annalium
1482 1662 1537 1682 xv.
1551 1654 1644 1692 (Cap.

950 1701 1000 1738 19)
1035 1702 1073 1730 de
1095 1702 1175 1730 fictis
1198 1703 1430 1740 adoptionibus.
1483 1703 1581 1732 Aliud
1610 1704 1643 1732 in

949 1751 1071 1779 novella
1086 1751 1267 1780 Emanuelis
1284 1752 1448 1788 Comneni‚
1464 1761 1534 1790 quae
1548 1756 1597 1782 est
1610 1753 1643 1781 in

941 1799 1015 1838 jure
1031 1799 1318 1832 Graeco-Romano.

188 1752 490 1790 circumscriptione)
520 1752 581 1780 uisi
609 1761 675 1781 cum
696 1755 809 1780 rectum
827 1751 885 1787 jus

188 1801 327 1838 nequitia
338 1801 492 1829 exclusum
506 1804 557 1829 est.
584 1801 772 1838 Exemplum
788 1801 884 1829 habes

189 1851 273 1888 apud
294 1850 430 1879 Plinium
447 1850 598 1879 Ilistoriae
617 1849 789 1879 Naturalis
803 1849 883 1878 libro

189 2018 229 2050 to
248 2014 295 2049 be
312 2025 400 2060 very
416 2014 568 2055 certain,
583 2013 701 2049 which
722 2025 806 2060 may
823 2014 957 2049 induce
974 2025 1022 2049 an
1043 2015 1268 2061 obligation3
1293 2027 1362 2051 nor
1382 2017 1470 2053 does
1486 2019 1644 2065 analogy

189 2072 323 2112 suffice,
343 2083 396 2106 we
425 2075 524 2106 must
550 2071 646 2106 have
677 2071 836 2117 identity
867 2071 910 2106 of
934 2083 1085 2106 reason:
1117 2083 1186 2107 nor
1215 2073 1245 2107 is
1274 2073 1303 2107 it
1332 2074 1466 2120 always
1496 2076 1643 2121 enough

189 2127 271 2162 that
290 2139 344 2163 we
364 2139 432 2162 can
451 2139 516 2174 say
536 2128 599 2162 the
620 2127 736 2162 words
762 2139 826 2162 arc
854 2131 893 2162 to
921 2128 968 2162 bc
993 2129 1175 2163 extended
1198 2129 1257 2164 sor
1283 2130 1440 2175 existing
1468 2142 1639 2166 reasons:

188 2185 257 2226 for,
277 2196 316 2219 as
336 2196 389 2220 we
408 2185 500 2220 have
521 2185 611 2226 said,
632 2195 762 2219 reason
783 2184 887 2219 often
912 2195 951 2219 so
982 2189 1164 2230 operates,
1189 2185 1271 2220 that
1299 2187 1558 2230 nevertheless,
1578 2188 1643 2224 tho

189 2242 261 2275 will
279 2253 363 2287 may
379 2242 426 2276 be
446 2252 468 2275 a
488 2242 668 2276 sufficient
689 2252 809 2282 cause,
826 2241 981 2275 without
1001 2253 1074 2287 any
1090 2253 1233 2277 reason.

261 2302 282 2332 2
313 2297 525 2338 Therefore,
545 2299 582 2331 in
601 2298 710 2332 order
729 2298 811 2332 that
828 2297 917 2332 such
934 2309 980 2332 an
999 2299 1189 2333 extension
1207 2309 1291 2344 may
1307 2298 1354 2333 bc
1370 2299 1507 2346 rightly
1523 2301 1643 2343 made,

189 2354 219 2388 it
238 2355 268 2388 is
288 2365 480 2400 necessary
497 2354 578 2388 that
598 2355 626 2388 it
647 2354 777 2388 should
794 2354 840 2389 be
858 2359 1039 2400 apparent
1059 2355 1140 2389 that
1161 2355 1224 2390 the
1240 2366 1372 2390 reason
1389 2356 1508 2391 under
1524 2357 1643 2392 which

190 2409 254 2444 the
275 2421 357 2445 case
375 2421 496 2445 comes
514 2410 631 2444 which
650 2422 702 2445 we
719 2410 808 2445 wish
829 2415 867 2445 to
889 2411 1149 2457 comprehend,
1170 2411 1302 2446 should
1324 2412 1370 2447 be
1391 2412 1454 2447 the
1475 2413 1552 2448 sole
1568 2414 1643 2448 and

189 2467 394 2501 efficacious
415 2478 523 2501 causo
539 2467 656 2501 which
677 2478 801 2502 mores
821 2467 885 2502 the
902 2469 1100 2514 promiser3
1125 2469 1197 2502 and
1215 2469 1297 2503 that
1317 2468 1399 2503 that
1418 2481 1550 2505 reason
1570 2482 1643 2505 was

189 2523 405 2558 considered
433 2523 482 2568 by
503 2523 581 2556 him
609 2524 646 2556 in
672 2524 718 2558 its
742 2525 947 2571 generality
957 2537 967 2566 3
997 2525 1154 2560 because
1174 2525 1367 2560 otherwise
1394 2525 1458 2561 the
1483 2528 1643 2572 promise

189 2579 311 2616 would
337 2579 429 2614 have
453 2580 547 2614 been
572 2581 694 2624 unjust
721 2591 763 2614 or
783 2581 929 2616 useless.
982 2581 1070 2616 This
1091 2582 1120 2616 is
1138 2582 1214 2617 also
1231 2582 1377 2617 treated
1398 2582 1447 2628 by
1466 2583 1642 2618 Rhetori-

190 2637 289 2671 cians
307 2637 345 2669 in
362 2635 459 2670 their
475 2637 632 2671 sections
650 2647 698 2671 on
717 2637 826 2671 lVlzczt
838 2637 868 2671 is
883 2638 964 2672 said
975 2639 1049 2672 and
1060 2639 1153 2673 what
1171 2639 1199 2673 is
1219 2645 1335 2673 'meant
1346 2652 1359 2677 ;
1378 2639 1421 2674 of
1436 2639 1554 2675 which
1571 2651 1642 2675 ono

188 2692 278 2727 kind
296 2692 414 2727 which
434 2692 522 2738 they
539 2694 703 2728 mention
720 2693 760 2735 is,
779 2694 883 2728 when
904 2705 956 2729 we
977 2695 1109 2740 always
1129 2699 1229 2729 utter
1249 2695 1312 2730 the
1332 2707 1432 2730 same
1452 2701 1637 2732 sentence.

188 2750 263 2784 But
295 2749 370 2784 also
407 2749 565 2785 another
599 2750 756 2791 section,
791 2751 849 2785 On
884 2752 1079 2797 reasoniw,
1115 2751 1267 2797 belongs
1302 2757 1341 2786 to
1378 2751 1442 2787 the
1473 2754 1637 2799 subject:

187 2806 345 2852 namcly,
361 2806 466 2841 when
487 2808 584 2841 from
605 2806 702 2841 what
722 2807 752 2841 is
774 2808 919 2842 written
940 2819 992 2842 we
1013 2808 1154 2843 deduce
1175 2808 1272 2843 what
1293 2809 1322 2843 is
1341 2813 1405 2844 not
1423 2810 1579 2852 written,
1600 2822 1639 2846 as

189 2863 393 2904 Quintilian
411 2875 512 2909 says:
545 2864 618 2898 and
639 2864 716 2899 also
735 2863 831 2900 what
851 2865 881 2900 is
900 2865 1086 2901 delivered
1102 2865 1151 2913 by
1171 2865 1235 2901 the
1255 2867 1279 2901 J
1282 2866 1390 2902 urists
1414 2877 1454 2902 as
1481 2871 1519 2903 to
1543 2867 1641 2903 what

185 2920 216 2955 is
236 2921 332 2956 done
352 2921 614 2968 fraudulently.
