2018 3204
356 202 441 244 236
798 208 865 243 DE
897 208 1026 243 JURE
1059 205 1391 241 SEPULTURAE.
1655 202 1753 247 [Lm.
1767 204 1818 239 ΙΙ.

455 320 481 361 5
521 318 706 360 Alteram
742 331 905 373 quoque
937 315 1220 372 exceptionem
1251 313 1362 370 apud
1399 313 1565 356 Graecos
1600 312 1822 356 obtinuisse

137 395 337 422 Diod-xv'1-25-
358 384 490 435 video,
526 399 648 440 quam
677 383 798 425 Locri
829 383 1091 438 opponebant
1122 379 1415 429 Phocensibus,
1451 378 1523 423 ὅτι
1555 376 1673 439 παρὰ
1710 381 1821 423 πᾶσι

359 452 454 498 ’τοῖς
478 448 674 502 ἸΕλλησι
712 445 846 494 κοινὸς
883 445 1006 499 νόμος
1047 445 1170 491 ε’στιν
1203 443 1406 507 ἀτάφους
1443 446 1681 506 ῥίπτεσθαι
1720 442 1822 491 ’τούς

360 514 618 577 ἱεροσύλους·
652 529 909 557 communem
949 515 1118 556 Graecis
1142 514 1336 554 omnibus
1366 526 1523 553 morem
1555 526 1640 553 esse
1670 519 1718 553 ut
1750 526 1822 553 sa-

359 583 511 637 crilcyi
546 582 752 636 insepulti
785 580 1067 634 abjiciantur.
1139 579 1206 620 Sic
1230 584 1272 620 et
1298 577 1408 619 Dion
1432 576 1684 619 Prusaeensis
1707 577 1821 618 Rho-

359 648 476 690 diaca
512 643 614 691 τοῦς
646 644 826 700 ἀσεβεῖς
861 645 929 688 καὶ
964 643 1154 691 ἀνοσίους
1182 644 1241 686 ait
1271 644 1483 700 sepultura
1506 642 1655 685 orbari.
1704 643 1821 685 Idem

359 713 533 756 Athenis
574 709 641 754 din
678 712 909 769 proditores
941 711 1206 753 constitutum
1242 715 1384 751 narrat
1417 709 1663 752 Plutarchus
1701 708 1822 750 Anti-

358 780 525 836 phonte.
595 778 691 828 Sed,
735 784 781 820 ut
821 778 875 819 ad
915 777 1148 819 institutum
1187 790 1252 817 me
1288 776 1495 832 recipiam,
1534 775 1586 817 ob
1626 780 1821 832 negatam

359 846 612 902 sepulturam
643 844 793 887 bellum
823 843 935 900 juste
967 842 1116 898 suscipi
1152 847 1398 884 censuerunt
1428 847 1590 883 veteres
1624 854 1822 882 consensu

357 926 535 969 magno:
585 917 632 953 ut
668 926 719 952 ex
753 910 823 951 illa
858 909 1007 951 Thesei
1043 908 1216 951 historia
1251 912 1439 964 apparet,
1480 921 1603 963 quam
1640 911 1823 949 tractant

359 977 578 1034 Euripides
597 977 706 1020 dicta
723 976 927 1034 tragoedia
945 976 1239 1031 Supplicibus,
1263 979 1305 1016 et
1325 974 1528 1015 Isocrates
1545 987 1593 1015 eo
1613 985 1733 1028 quem
1750 971 1823 1014 ad-

359 1043 550 1085 duximus
573 1043 672 1087 1000.

459 1110 532 1152 VI.
598 1109 704 1152 Sunt
735 1113 778 1151 et
807 1108 889 1150 alia
915 1106 1103 1163 quaedam
1135 1121 1227 1164 quae
1259 1122 1311 1149 ex
1336 1105 1432 1164 jure
1463 1104 1648 1163 gentium
1680 1103 1824 1148 volun-

359 1175 466 1218 tario
490 1175 704 1225 debentur,
735 1180 781 1217 ut
801 1175 925 1231 longo
949 1180 1134 1230 tempore
1164 1188 1361 1229 possessa,
1387 1171 1657 1214 successiones
1680 1171 1733 1213 ab
1762 1170 1825 1212 in-

358 1247 522 1292 testato,
558 1247 600 1284 et
638 1256 730 1296 quae
770 1255 823 1282 ex
865 1245 1077 1281 contractu
1114 1239 1374 1295 quantumvis
1413 1237 1604 1294 inaequali
1639 1236 1820 1280 veniunt.

357 1308 467 1350 Nam
492 1308 579 1349 haec
603 1307 737 1349 omnia
760 1319 994 1362 quanquam
1025 1320 1077 1347 ex
1095 1305 1191 1362 jure
1217 1310 1376 1348 naturae
1399 1309 1534 1346 ortum
1563 1302 1822 1360 aliquatenus

138 589 202 620 Pag.
216 589 262 614 318
272 596 297 615 c.

138 725 217 750 Tom.
228 732 258 750 11.
272 733 298 756 p.

137 758 185 781 834
193 763 220 781 Δ.

1182 1432 1197 1454 d
1212 1433 1251 1462 In
1257 1431 1449 1471 proditores]
1472 1432 1518 1462 At
1532 1432 1662 1462 Nicetas
1675 1431 1757 1461 libro
1768 1440 1822 1463 111.

1124 1483 1197 1512 vitae
1212 1483 1318 1512 Alexii
1339 1483 1447 1512 fratris
1469 1483 1582 1517 Isaaci,
1602 1483 1688 1521 (cap.
1703 1483 1734 1520 7)
1750 1492 1821 1511 cum

357 1439 386 1466 et
400 1445 464 1474 qzcae
478 1446 510 1465 se
530 1435 707 1465 occiderunt
722 1444 758 1463 ne
772 1434 937 1472 quicquam
952 1432 1058 1469 hujus-

356 1486 441 1515 modi
460 1489 650 1524 paterentur,
666 1485 736 1524 quis
758 1486 909 1513 humanus
929 1483 1058 1521 affictus

357 1536 402 1565 eis
430 1537 523 1565 nollet
551 1534 697 1574 iynosci?
740 1533 923 1571 capitulare
952 1535 1058 1561 autem

358 1585 544 1615 Francicum
565 1586 646 1614 libro
670 1594 714 1614 v1.
739 1585 786 1614 70.
809 1583 860 1613 De
882 1592 915 1611 eo
937 1583 991 1620 qui
1010 1592 1058 1611 se-

357 1636 517 1674 metipsum
531 1635 644 1664 occidit
658 1638 711 1663 aut
728 1635 837 1672 laqueo
848 1642 880 1661 se
890 1631 1059 1669 suspendit,

357 1688 585 1717 consideratum
608 1690 660 1722 est,
683 1689 715 1714 ut
735 1686 764 1714 si
783 1685 853 1723 quis
872 1683 1059 1721 compatiens

356 1740 430 1768 velit
444 1739 662 1776 eleemosynam
677 1737 763 1772 clare,
786 1736 913 1771 tribuat,
934 1738 961 1763 et
983 1743 1057 1762 ora-

356 1789 454 1818 tiones
475 1789 508 1817 in
523 1788 711 1826 psalmodiis
723 1786 835 1823 faciat
848 1796 857 1814 .·
889 1784 1057 1813 oblationi-

358 1839 413 1867 bus
434 1841 533 1867 tamen
552 1841 579 1866 et
601 1837 703 1865 missis
722 1836 785 1873 ipsi
803 1837 931 1864 careant
945 1845 954 1863 .·
982 1834 1059 1871 quia

358 1887 680 1925 incomprehcnsibilia
705 1889 775 1913 sunt
794 1885 922 1921 judicia
940 1884 1012 1919 Dei,
1031 1886 1059 1912 et

1125 1536 1282 1561 narrasset
1308 1536 1443 1562 mortem
1476 1533 1632 1562 Johannis
1668 1532 1824 1562 Comneni

1126 1583 1241 1619 Crassi,
1269 1583 1323 1620 qui
1350 1592 1407 1621 per
1435 1582 1621 1612 seditionem
1655 1583 1823 1622 imperium

1124 1632 1339 1667 affectaverat,
1362 1631 1405 1660 sic
1429 1631 1586 1669 loquitur:
1612 1632 1699 1670 μεπιὶ
1722 1632 1754 1661 δὲ
1782 1632 1824 1661 τὸ

1126 1683 1220 1720 σῶμα
1245 1681 1368 1711 ἐκεῖθεν
1392 1681 1501 1718 ἀρθὲν,
1528 1682 1602 1710 κυσὶ
1629 1682 1683 1711 καὶ
1717 1682 1824 1720 ὅρυισι

1122 1732 1206 1770 βορά
1226 1731 1466 1770 παρατίθεται·
1490 1732 1507 1760 ὃ
1529 1731 1583 1761 καὶ
1605 1731 1757 1770 Θηριῶδες
1771 1745 1825 1771 μι-

1124 1783 1201 1818 κροῦ
1225 1783 1279 1810 καὶ
1306 1781 1529 1819 ἀπάνθρωπον
1550 1781 1676 1812 ἅπασιν
1699 1782 1820 1811 ἐδόκει·

1124 1833 1203 1862 Post
1227 1842 1339 1870 corpus
1367 1832 1438 1861 inde
1465 1832 1613 1868 ablatum,
1642 1833 1769 1862 canibus
1797 1835 1826 1863 et

1124 1882 1233 1909 avibus
1252 1890 1322 1909 esca
1338 1880 1469 1918 ponitur
1484 1890 1494 1909 .·
1519 1880 1604 1919 quod
1622 1880 1662 1909 ab
1679 1881 1824 1910 humani-

1123 1934 1186 1958 tate
1208 1930 1343 1958 alienum
1362 1939 1400 1959 ac
1416 1939 1507 1968 poene
1525 1930 1668 1968 ferinum
1686 1931 1825 1961 omnibus

1123 1979 1300 2010 videbatur.

356 1936 602 1974 profitmlitatcm
627 1936 750 1964 consilii
768 1934 833 1970 ejus
857 1943 941 1962 nemo
956 1934 1059 1970 potest

356 1987 552 2025 investi-(lare.
594 1986 676 2016 Vide
691 1988 723 2014 et
733 1985 849 2013 ibidem
865 1993 924 2012 vu.
940 1984 1009 2013 344.

357 2147 578 2182 themselves
611 2150 650 2189 η
683 2157 768 2182 save
802 2146 900 2182 their
933 2145 1104 2190 chastity,
1141 2143 1214 2177 and
1249 2143 1370 2177 whom
1407 2142 1471 2176 the
1509 2140 1658 2176 Church
1697 2141 1822 2187 places

357 2209 528 2250 amongst
557 2205 603 2239 its
636 2208 805 2250 martyrs.
868 2205 942 2238 But
968 2203 998 2237 it
1022 2203 1051 2236 is
1077 2200 1196 2235 worth
1217 2200 1323 2235 while
1355 2204 1393 2234 to
1415 2210 1476 2234 see
1497 2198 1595 2232 what
1615 2198 1822 2244 Augustino

358 2273 440 2308 says
461 2262 503 2296 of
518 2261 623 2296 these
644 2272 757 2296 cases.

435 2324 455 2353 5
496 2319 514 2353 I
546 2319 624 2353 find
656 2318 738 2353 that
770 2317 928 2352 another
964 2317 1160 2362 exception
1191 2314 1367 2350 obtained
1397 2323 1532 2358 among
1562 2312 1626 2348 the
1657 2312 1821 2354 Greek53

357 2375 476 2410 which
509 2375 574 2411 the
606 2376 782 2410 Locrians
812 2375 982 2420 objected
1012 2378 1049 2408 to
1078 2373 1143 2408 the
1173 2372 1377 2407 Phocians:
1412 2372 1449 2405 It
1476 2382 1549 2404 was
1579 2371 1631 2404 the
1662 2381 1822 2404 common

356 2445 464 2478 ‘us-aye
489 2435 534 2481 of
558 2433 683 2467 Graece
711 2434 786 2468 that
809 2433 1033 2477 sacrileyious
1049 2442 1195 2476 persons
1219 2430 1345 2463 should
1369 2430 1404 2463 bc
1425 2434 1498 2463 cast
1508 2428 1617 2472 forth
1636 2427 1820 2461 unburz'ed.

359 2492 409 2525 So
430 2491 502 2525 Dio
524 2490 760 2525 Prusaecnsis.
825 2490 874 2523 So
895 2489 1045 2523 traitors
1063 2499 1158 2522 were
1180 2486 1326 2522 treated
1351 2490 1390 2521 at
1412 2485 1564 2526 Athens,
1582 2495 1621 2519 as
1641 2484 1821 2519 Plutarch

357 2559 451 2594 says.

428 2607 503 2640 But
527 2609 567 2639 to
592 2608 721 2639 return
746 2607 784 2638 to
811 2615 873 2649 my
893 2603 1056 2648 subject3
1081 2603 1146 2637 the
1166 2602 1333 2636 ancients
1353 2611 1446 2635 were
1473 2599 1664 2645 generally
1684 2597 1820 2644 agreed

358 2663 395 2696 in
420 2662 574 2707 holding
601 2662 683 2696 that
707 2672 782 2694 war
809 2661 928 2706 might
952 2661 1068 2705 justly
1085 2660 1132 2694 be
1149 2658 1381 2693 undertaken
1400 2668 1447 2691 on
1465 2659 1623 2690 account
1641 2656 1684 2690 of
1699 2655 1818 2700 sepul-

358 2723 441 2753 ture
459 2719 591 2753 denied
607 2731 616 2760 ;
641 2729 680 2752 as
701 2729 857 2763 appears
875 2718 923 2763 by
943 2717 1025 2751 that
1053 2717 1196 2762 history
1217 2716 1260 2750 of
1282 2715 1446 2749 Theseus
1476 2712 1594 2747 which
1622 2711 1819 2758 Euripides

359 2780 473 2810 treats
491 2776 528 2809 in
549 2775 613 2810 the
636 2775 828 2821 Supplices,
845 2775 919 2808 and
940 2775 1120 2808 Isocrates
1142 2774 1178 2807 in
1197 2772 1261 2807 the
1281 2772 1438 2806 Oration
1455 2769 1605 2815 quoted.

435 2833 501 2866 VI.
564 2832 685 2866 There
715 2843 778 2866 are
808 2842 910 2866 some
940 2831 1048 2865 other
1077 2830 1201 2876 things
1226 2828 1345 2863 which
1371 2839 1433 2862 arc
1464 2828 1536 2861 due
1564 2827 1614 2872 by
1633 2825 1698 2860 the
1713 2824 1817 2859 insti-

359 2888 465 2921 tuted
491 2889 577 2921 Law
605 2889 647 2922 of
670 2889 849 2929 Nations3
881 2899 920 2922 as
948 2888 1154 2933 possession
1180 2887 1229 2933 by
1255 2885 1510 2932 prescription,
1542 2882 1749 2918 succession
1778 2886 1817 2915 to

358 2943 562 2984 intestatos,
583 2945 656 2978 and
677 2945 741 2979 the
759 2945 891 2979 results
909 2945 952 2979 of
969 2948 1146 2985 contract,
1165 2955 1257 2979 even
1275 2943 1307 2977 if
1324 2941 1496 2986 unequal.
1542 2941 1617 2974 For
1633 2938 1681 2972 all
1701 2937 1818 2978 these,
