2018 3204
112 172 202 208 CAP.
223 168 350 216 XIII.]

100 245 115 259 Q

110 282 255 323 datur.

113 365 170 390 ΤΟ
219 365 383 391 71'10'7'01}
432 348 510 398 Τῆς
556 344 791 405 ΟμΟᾸΟὙίας
834 346 878 390 ἐν
929 367 1242 404 αμΕΤαΊΓΤωΤΩ)
1294 368 1363 391 Καί
1412 342 1565 406 Εόραιίυ

112 405 311 454 δεικνύειν
345 411 431 469 βιω
468 431 521 455 τε
553 411 621 454 καὶ
657 410 803 470 λόνγω·
852 415 1005 455 Fidem
1032 415 1243 468 promissi
1279 415 1493 455 ostendere
1519 415 1567 454 in

110 478 333 518 verborum
356 492 409 519 ae
432 479 532 519 vitae
555 479 794 520 stabilitate
815 487 855 520 et
878 480 1135 520 constantia.

597 172 665 207 DE
696 173 1081 209 JUREJ'URANDO.
1489 169 1570 209 109

448 553 575 600 Ὅρκος
603 555 746 596 βέβαιός
771 556 866 590 ἐστιν
894 554 936 590 ἂν
964 555 1074 591 νεύσω
1102 558 1215 601 μόνον.

453 623 578 657 Nutus
603 624 676 657 mei
706 634 773 669 pro
798 625 1041 669 jurejurando
1070 625 1207 660 valent.

109 692 268 735 Narrat
296 691 440 734 Cicero
471 692 657 734 oratione
686 707 761 748 pro
793 694 841 735 L.
873 693 1063 735 Cornelio
1098 694 1243 743 Balbo,
1277 694 1454 736 Athenis
1480 709 1572 736 cum

109 757 274 812 quidam
299 758 409 813 apud
441 772 510 798 eos
541 757 611 812 qui
643 763 782 800 sancte
810 757 1076 814 graviterque
1112 759 1293 808 vixisset,
1324 765 1367 801 et
1389 759 1572 801 testimo-

109 821 222 863 nium
244 823 405 878 publice
429 822 611 871 dixisset,
637 829 679 864 et
703 823 873 878 jurandi
897 837 1019 864 causa
1042 823 1096 864 ad
1120 838 1215 865 aras
1238 824 1465 873 accederet,
1488 838 1571 865 una

109 901 209 929 voce
244 902 383 929 omnes
417 887 577 943 judices
607 902 660 929 ne
689 888 722 929 is
751 887 915 943 juraret
949 888 1220 937 reclamasse3
1257 903 1305 929 eo
1343 889 1454 944 quod
1484 889 1571 930 nol-

109 952 196 994 lent
230 953 429 1011 religione
465 952 597 995 videri
639 953 775 1009 potius
820 966 942 1008 quam
978 952 1156 995 veritate
1201 953 1323 995 fidem
1358 969 1447 996 esse
1478 969 1571 996 con-

110 1017 306 1061 strictam.

209 1085 235 1125 6
284 1084 320 1125 A
359 1082 513 1125 Christi
547 1083 655 1125 dicto
687 1097 769 1124 non
801 1082 1006 1139 discrepat
1040 1083 1246 1126 Hieroclis
1277 1083 1378 1126 illud
1413 1085 1466 1127 ad
1501 1099 1573 1127 au-

108 1161 226 1190 reum
250 1163 441 1190 carmen·
468 1146 491 1191 ὁ
525 1146 743 1203 σέβου
720 1167 872 1208 ορκον
904 1146 950 1192 ἐν
985 1147 1104 1213 ἀρχῇ
1127 1151 1456 1209 παραγγείλας,
1491 1147 1573 1202 τήν

108 1232 286 1273 αποχην
329 1234 409 1258 ΤΟΙ]
443 1233 613 1266 ΟμΙΙυΙΙαι
660 1233 943 1273 πρΟσΤαΤΤΕι
985 1235 1086 1275 περὶ
1130 1235 1221 1258 Των
1267 1211 1569 1276 ἐΚδΕχΟμΕνων,

107 1281 173 1321 Καί
205 1298 415 1339 αΟΡΖσΤΟΙΙ
444 1282 522 1332 Τῆς
560 1276 786 1335 ἐκβασθως
825 1276 1020 1340 ἐχόνΤων
1047 1300 1104 1324 ΤΟ
1133 1300 1284 1341 περας·
1309 1300 1454 1324 ΤαυΤα
1477 1300 1569 1339 ’γαρ

109 1363 177 1387 Καί
201 1364 380 1424 μικρὰν
402 1365 470 1388 Καί
513 1364 872 1398 μΕΤαἼΓΙΤΓΤΟΙΙΤα,
912 1339 976 1388 διο
1013 1366 1118 1389 ΟΠΤΕ
1154 1343 1276 1403 ἄξιον
1318 1366 1372 1389 ΕΊΓ
1424 1366 1569 1393 αυΤΟΙς

109 1406 293 1462 ὀμνύναι,
332 1405 425 1453 ουτ’
462 1408 680 1471 ἀσφαλές.
755 1412 845 1459 Qui
877 1412 924 1452 in
950 1413 1174 1466 principio
1210 1414 1393 1460 dimerat,
1424 1413 1570 1466 Jasyu-

109 1478 298 1517 randum
334 1491 533 1525 reverere,
565 1491 610 1518 eo
641 1477 735 1531 ipso
768 1485 1038 1531 praeceperat
1077 1478 1287 1518 abstinere
1318 1491 1345 1516 a
1376 1479 1572 1531 jurando

109 1542 161 1583 de
190 1542 258 1582 his
288 1536 409 1596 bquae
443 1549 623 1596 possunt
645 1543 748 1594 fieri
774 1549 813 1582 et
847 1556 930 1582 non
949 1543 1065 1595 fieri,
1106 1550 1145 1583 et
1183 1543 1393 1583 incertum
1416 1544 1572 1584 liabent

110 1621 236 1648 casus
276 1609 448 1648 ericum.
528 1608 664 1647 Talia
709 1608 819 1647 enim
866 1614 905 1647 et
943 1608 1081 1662 parvi
1126 1609 1328 1649 ducenda
1374 1616 1485 1658 sunt,
1534 1616 1573 1650 et

111 1721 194 1748 Οὗτοι
213 1721 238 1748 o‘
257 1721 302 1751 ὑφ’
320 1721 402 1754 ὅρκου
419 1721 446 1755 γ’
464 1721 500 1749 ω“ς
517 1721 602 1746 κακὸν
619 1719 807 1752 πιστῶσομαι.

173 1767 243 1792 Nolo
255 1768 280 1791 tc
291 1766 396 1795 adigere
402 1765 581 1796 jurejurando
592 1766 623 1789 ut
634 1765 746 1789 malum.

110 1819 280 1859 respondet
295 1819 453 1848 Theseus:

139 1875 247 1901 Οὔκουν
258 1875 327 1907 πέρα
343 1873 368 1906 ’γ’
394 1873 429 1899 ἂν
446 1873 525 1899 οὐδὲν
546 1873 562 1906 ἦ
582 1873 654 1906 λόγῳ
672 1873 775 1906 φέροις.

151 1919 208 1944 Nec
219 1919 280 1949 plus
290 1918 401 1942 haberes
412 1917 474 1941 inde
485 1923 568 1947 quam
580 1916 649 1941 vocis
660 1923 765 1941 sonum.

111 1960 222 1998 (Vers.
238 1959 306 1995 642,
322 1958 408 1997 643.)

110 2021 155 2050 M.
171 2019 356 2049 Antoninus
371 2019 402 2047 in
418 2018 475 2047 w'ri
490 2017 565 2047 boni
580 2017 807 2055 descriptione:

109 2069 194 2107 μήτε
215 2069 310 2106 ὅρκου
331 2067 492 2106 δεόμενος·
516 2076 570 2096 nec
590 2076 667 2104 opus
694 2067 808 2096 habens

101 2118 321 2155 jurejurando,
337 2117 420 2154 (Lib.
437 2125 488 2145 111.
503 2115 520 2154 ἓ
535 2117 578 2152 5.)
594 2116 755 2154 Chrysost.
772 2116 809 2145 cle

112 2168 233 2197 Statuis
248 2175 307 2196 xv.
330 2167 356 2195 cl
371 2165 431 2202 μὲν
444 2165 614 2193 πιστεύεις
625 2163 679 2192 ὅτι
688 2164 810 2199 ἀληθής

109 2217 204 2246 ἐστιν
218 2216 234 2246 ὁ
257 2216 349 2254 α’ννὶρ,
371 2214 413 2252 μή
436 2213 612 2251 ἑπαγάγῃς
631 2213 691 2242 τοῦ
713 2213 809 2250 ὅρκου

110 2266 171 2301 τήν
185 2265 340 2304 ἀνάγκην.
359 2265 386 2293 εὶ
401 2264 433 2292 δὲ
451 2264 539 2292 οἶδας
560 2263 614 2292 ὅτι
636 2263 809 2300 ψεύδεται,

111 2314 154 2352 μή
167 2314 358 2352 ἀναγκάσῃς
373 2313 556 2349 ἐπιορκεῖν·
580 2311 618 2341 Si
639 2312 740 2341 credis
759 2322 810 2340 ve-

111 2372 215 2392 racem
238 2372 301 2392 esse
327 2372 403 2397 eum,
426 2362 550 2400 quicum
574 2362 631 2390 tibi
657 2362 811 2399 neqotium

112 2415 166 2447 est,
186 2412 250 2440 noli
263 2411 291 2440 ei
303 2410 521 2447 jurisjurandi
535 2410 690 2448 imponere
710 2419 810 2439 neces-

873 1721 995 1750 sitatem
1008 1732 1017 1750 .·
1040 1722 1124 1760 quod
1136 1722 1165 1750 si
1180 1723 1242 1751 scis
1252 1723 1330 1760 sore
1345 1725 1378 1752 ut
1398 1723 1576 1760 mentiatur,

874 1781 911 1799 ne
926 1781 997 1809 coqe
1011 1781 1077 1800 enm
1091 1775 1119 1800 et
1132 1771 1290 1809 pejerare.
1309 1772 1418 1810 (Tom.
1434 1782 1480 1802 Π.
1497 1782 1573 1811 pag.

874 1820 941 1851 566.
953 1820 1043 1850 Edit.
1062 1820 1180 1859 Savil.)

934 1871 949 1892 b
964 1871 1041 1909 choe
1049 1875 1182 1909 possunt
1186 1872 1267 1909 fieri
1275 1875 1303 1902 et
1313 1882 1371 1902 non
1375 1873 1470 1912 fieri]
1486 1873 1575 1904 Bene

874 1921 934 1950 hoc
948 1921 1172 1950 animadvertit
1188 1923 1432 1961 chrysostomus
1446 1924 1483 1952 de
1500 1924 1574 1953 Sta-

875 1970 937 1998 iuis
973 1970 1081 2007 [Orat.
1104 1979 1177 1999 mv.
1201 1971 1292 2000 Tom.
1319 1981 1365 2001 VI.
1388 1981 1462 2011 pag.
1482 1973 1573 2012 553J:

876 2019 930 2048 ὅτι
952 2018 1012 2048 κιῖν
1033 2020 1076 2056 μή
1098 2020 1353 2057 συναρπασθεὶς,
1374 2023 1452 2059 μηδὲ
1474 2022 1573 2058 ἄκων,

875 2068 952 2105 μηδὲ
979 2068 1108 2105 α”γνοῶν
1131 2069 1234 2097 ’τοῦτο
1261 2069 1363 2108 πάθῃ,
1393 2071 1446 2099 ὑπ’
1472 2073 1574 2107 αὐτῆς

875 2117 936 2145 τοῦ
955 2116 1157 2154 πράγματος
1178 2118 1320 2155 φύσεως,
1343 2119 1396 2148 καὶ
1417 2119 1497 2149 ἑκών
1519 2121 1574 2149 καὶ

876 2164 965 2194 εἰδώς
979 2165 1272 2202 ἀναγκασθήσεται
1283 2167 1479 2205 ἐπιορκῆσαι
1489 2168 1575 2197 ποίν-

876 2221 957 2242 τως·
980 2213 1118 2242 Etiamsi
1138 2223 1198 2242 non
1218 2215 1337 2244 eveniat
1358 2216 1394 2244 id
1412 2217 1469 2245 tibi
1491 2217 1577 2255 quod

876 2262 988 2299 impeta
1004 2263 1159 2299 abreptus,
1172 2266 1227 2291 aut
1239 2267 1372 2299 coactus,
1388 2268 1443 2293 aut
1456 2275 1509 2295 nec
1522 2275 1575 2295 co-

876 2312 981 2349 qitans
986 2311 1160 2347 juraveris,
1177 2313 1248 2349 ipsa
1268 2313 1383 2351 neqotz’i
1404 2317 1521 2344 natura
1541 2315 1577 2344 id

877 2361 1030 2389 interdum
1043 2361 1244 2399 secumjeret,
1258 2365 1291 2391 ut
1305 2366 1332 2391 et
1346 2363 1448 2393 volens
1468 2368 1495 2393 et
1512 2365 1574 2394 sci-

878 2419 929 2439 ens
942 2410 1068 2447 falsum
1087 2409 1217 2446 jurasse
1244 2411 1498 2449 deprehendaris.
1531 2415 1576 2444 Et

113 2571 217 2606 voice
242 2570 391 2606 refused
421 2575 459 2607 to
490 2572 585 2608 have
616 2573 681 2608 the
714 2572 803 2608 oath
838 2573 1117 2616 administered,
1150 2574 1207 2609 his
1239 2575 1431 2610 character
1461 2575 1573 2622 being

113 2631 315 2672 guarantec
335 2628 528 2662 sufficient.

188 2686 209 2717 6
240 2683 320 2718 The
341 2685 493 2718 maxims
512 2684 554 2719 of
571 2685 761 2719 Hierocles
783 2696 830 2720 on
848 2685 911 2720 the
935 2686 1082 2721 Golden
1095 2687 1210 2721 Pocm
1228 2698 1291 2721 arc
1307 2691 1373 2722 not
1390 2688 1574 2731 different,

113 2740 171 2775 IIe
201 2740 276 2773 who
298 2741 387 2781 said,
414 2742 603 2775 Reverence
629 2754 677 2774 an
703 2742 794 2782 oath,
818 2743 861 2787 by
888 2744 962 2776 that
986 2754 1064 2788 very
1088 2749 1228 2788 precept
1254 2745 1411 2789 enjoined
1438 2757 1511 2790 you
1540 2752 1574 2780 to

113 2797 254 2831 abstain
273 2798 380 2843 from
407 2798 580 2842 swearinq
598 2798 680 2831 with
698 2799 829 2842 reyard
846 2804 877 2831 lo
890 2800 1023 2843 setim-e
1046 2800 1231 2833 uncertain
1251 2806 1406 2835 matters.
1455 2801 1575 2836 About:

114 2853 197 2887 such
222 2853 248 2887 it
270 2853 298 2888 is
318 2854 450 2888 neither
475 2855 610 2899 worthy
642 2866 709 2888 ozor
732 2856 809 2899 sase
836 2861 869 2888 το
895 2867 1016 2889 swear.

1068 2856 1117 2890 So
1144 2856 1320 2891 Libanius
1347 2858 1385 2892 in
1412 2858 1576 2904 praising

115 2909 179 2944 the
202 2909 387 2944 Christian
409 2911 629 2956 Emperors:
658 2910 874 2946 Eustathius
892 2922 938 2946 on
957 2911 1020 2946 the
1042 2911 1215 2958 Odyssee.

321 280 509 323 Clemens
539 294 702 337 quoque
737 281 1040 324 Alexandrinus
1073 281 1180 324 dixit
1210 281 1288 324 viri
1330 281 1426 324 boni
1465 296 1565 332 esse,
1584 295 1681 320 strom.
1694 295 1739 319 vii.
1753 296 1775 319 a.

1190 478 1330 520 Alexis
1355 478 1565 520 Comicus.
1585 488 1629 517 Ar
1631 487 1667 511 ud
1681 488 1754 511 Stob-

1586 519 1668 542 Serm
1684 518 1721 544 27

1591 1094 1684 1125 p.164.
