2018 3204
188 188 277 223 CAP.
296 185 460 229 XXVI]

188 297 222 339 si
256 297 420 353 quidem
452 302 610 340 constat
639 295 738 353 ipsis
771 294 963 351 injustam
993 310 1080 337 esse
1110 294 1207 337 belli
1230 308 1404 343 causam,

512 186 580 221 DE
613 185 790 222 CAUSIS
820 185 993 221 JUSTIS
1023 185 1093 220 UT
1123 183 1344 224 BELLUM,
1375 183 1484 219 ETC.

1561 179 1643 218 445

189 363 350 405 omnino
373 364 535 405 debent.
583 364 673 404 Deo
699 362 834 418 potius
857 361 1127 403 obediendum
1151 375 1273 416 quam
1295 359 1537 408 hominibus,
1563 375 1644 401 non

189 429 375 484 Apostoli
397 434 557 471 tantum
581 428 784 476 dixerunt,
809 427 905 468 ased
926 432 968 468 et
990 427 1206 469 Socrates:
1231 432 1272 468 et
1294 426 1404 482 apud
1427 425 1644 483 magistros
1662 435 1718 457 Act·
1732 441 1756 458 v·
1770 437 1807 461 29-

188 489 490 536 bHebraeorum
521 499 657 536 exstat
680 492 894 541 sententia,
918 492 1099 533 indicans
1130 491 1221 548 regi
1245 498 1387 533 eontra
1407 492 1488 533 Dei
1511 492 1645 548 legem

189 559 286 615 quid
321 559 573 615 praecipienti
608 572 775 614 prorsus
810 572 890 598 non
922 557 1160 612 parendum.
1221 557 1444 613 Polyearpi
1473 557 1645 612 jamjam

188 624 375 666 morituli
393 625 545 666 dictum
566 628 725 665 exstat:
751 617 1034 680 δεδιδαγμεθα
1059 620 1149 681 scip
1166 619 1322 682 αρχαῖς
1341 642 1409 665 και
1433 621 1624 680 ἑξοιισιαι

188 687 275 734 ἀπὸ
312 691 422 734 Θεου
464 686 755 747 τεταγμένα-ς
795 708 926 740 τιμην
967 707 1082 731 κατα
1123 685 1177 731 ‘td
1210 689 1435 764 ,προσῆκον
1471 708 1554 740 την
1585 708 1644 740 μη
1663 695 1701 719 ¹⁵

188 752 483 811 βλάπτουσαν
518 752 620 808 ἡμᾶς
655 750 898 805 ἀπονέμειν·
934 755 1169 796 didicimus
1199 755 1396 809 imperiis
1427 770 1480 796 ac
1508 762 1647 809 potes-

191 823 353 864 tatibus
390 837 419 863 a
445 823 538 863 Deo
576 822 793 863 ordinatis
827 821 1020 862 exhibere
1057 821 1254 862 honorem
1287 835 1407 875 quem
1442 836 1533 876 par
1572 829 1645 869 est,

189 889 344 943 quique
366 888 547 929 salutem
568 894 761 929 nostram
783 901 866 928 non
885 887 1108 940 impediat.
1153 886 1209 927 Et
1226 885 1379 927 Paulus
1400 885 1645 942 Apostolus:

181 954 285 1006 filii,
307 953 451 1008 inquit,
482 954 643 994 obedite
661 953 965 1007 parentibusc
972 953 1020 993 in
1051 953 1250 1002 Domino,
1276 953 1326 993 id
1348 954 1460 994 euim
1483 967 1649 1005 cequum
1667 958 1738 987 ΕΜ
1752 964 1787 981 ν’·
1801 958 1822 980 1-

190 1027 262 1062 est.
306 1019 380 1060 Ad
403 1033 524 1073 quem
546 1018 677 1059 locum
702 1017 1008 1093 Hieronymus:
1022 1023 1250 1072 peccatum
1265 1019 1461 1071 filiorum
1484 1025 1544 1060 est
1566 1032 1650 1059 uon
1667 1027 1748 1085 {5²7⁰}
1758 1033 1798 1051 tx
1811 1033 1837 1056 p.

189 1085 358 1126 obedire
372 1085 657 1139 parentibus;
689 1091 728 1124 et
751 1085 857 1138 quia
874 1091 1078 1137 poterant
1095 1091 1298 1138 parentes
1329 1085 1498 1138 aliquid
1521 1085 1651 1138 impe-

190 1164 292 1192 rare
308 1164 567 1205 perversum,
593 1149 806 1202 adjunxit,
832 1150 880 1189 in
903 1150 1102 1190 Domino.

1172 1149 1228 1190 Et
1251 1143 1329 1190 dde
1353 1149 1482 1191 servis
1505 1148 1648 1190 addit:

191 1230 286 1256 cum
308 1217 523 1259 Dominus
551 1215 698 1256 carnis
720 1229 749 1255 a
779 1215 965 1256 Domino
994 1215 1177 1269 spiritus
1205 1216 1420 1257 diversum
1451 1216 1649 1270 imperat,

189 1295 273 1322 non
295 1289 356 1323 est
382 1281 670 1323 obediendum.

734 1279 849 1321 Idem
873 1279 991 1321 alibi:
1027 1281 1075 1321 in
1100 1281 1193 1322 illis
1217 1289 1384 1322 tantum
1408 1282 1556 1322 debent
1579 1282 1652 1322 do-

189 1347 321 1388 minis
344 1355 382 1388 et
399 1347 655 1402 parentibus
678 1361 762 1388 esse
785 1345 973 1399 subjecti,
997 1361 1089 1399 quae
1111 1354 1261 1387 contra
1284 1347 1373 1388 Dei
1395 1348 1652 1387 mandatum

190 1427 274 1454 non
296 1420 406 1455 suut.

478 1412 585 1453 Nam
609 1416 651 1452 et
671 1411 779 1453 idem
801 1411 869 1452 ille
894 1411 1121 1466 Apostolus
1152 1411 1330 1460 dixerat,
1355 1411 1417 1453 sui
1449 1425 1650 1467 quemque
1669 1427 1739 1457 Eph.
1754 1427 1823 1450 via.

191 1477 327 1532 operis
365 1477 594 1518 mercedem
633 1481 953 1531 reportaturum,
997 1476 1083 1518 sive
1119 1476 1305 1526 liberum,
1345 1477 1433 1520 sive
1475 1491 1650 1520 servum.

194 1542 470 1585 Tertullianus
495 1556 617 1584 vero:
652 1543 763 1584 satis
787 1543 1092 1599 prce-scriptum
1124 1544 1338 1593 habemus,
1368 1544 1415 1585 in
1446 1545 1562 1586 omni
1584 1544 1652 1586 ob-
1671 1550 1867 1577 Bestiae-1⁵·

193 1667 308 1706 exiqua
322 1667 410 1696 nobis
423 1676 535 1696 merces
543 1667 711 1706 proposita
725 1670 778 1704 est,
792 1667 821 1696 si
834 1667 889 1696 ho-

192 1726 297 1747 norem
310 1718 507 1746 exhibeamus
516 1717 709 1755 parentibus,
723 1717 777 1746 sed
790 1720 821 1746 ut
837 1717 892 1746 do-

193 1767 291 1796 minos
312 1776 362 1796 eos
383 1768 494 1796 habere
507 1767 662 1804 jubemur,
683 1767 841 1806 verbisque
864 1771 893 1796 et

193 1817 283 1846 rebus
311 1816 485 1855 obsequium
512 1817 591 1854 ipsis
611 1820 775 1854 praestare,
802 1820 893 1846 extra

194 1876 287 1905 quam
301 1867 330 1895 si
344 1867 451 1904 pietas
465 1866 604 1895 laedenda
618 1870 671 1895 est,
716 1866 766 1895 Sic
785 1866 892 1904 accipe

193 1917 272 1946 illud
288 1916 482 1955 Hieronymi,
492 1926 553 1954 per
564 1916 717 1945 calcatum
726 1925 823 1953 perye
830 1925 893 1953 pa-

194 1969 280 2002 trem,
302 1966 417 2004 (Epist.
433 1974 455 1994 1.
472 1965 512 1994 ad
527 1965 745 2002 Heliodorum,
762 1965 851 1994 Tom.
868 1973 891 1993 1.

194 2016 272 2054 Pag.
295 2018 324 2045 1.
353 2016 418 2044 Ed.
439 2014 563 2053 Basil.)
585 2015 807 2044 declamatorie
827 2015 892 2044 dic-

194 2070 275 2102 tum,
289 2069 492 2103 sumtumque
506 2074 525 2093 a
542 2064 667 2094 latrone
682 2065 894 2093 declamatore

193 2116 278 2154 apud
293 2116 457 2151 Senecam,
472 2114 680 2153 (Controvers.
691 2123 767 2143 vm.
784 2115 892 2152 p.142.

194 2167 283 2197 Edit.
309 2166 446 2196 Gronov.
479 2165 606 2203 major.)
646 2167 678 2193 et
711 2174 782 2203 quae
810 2165 893 2203 apud

194 2216 399 2246 Ambrosium
413 2215 451 2243 de
470 2214 666 2252 Viryinitate,
682 2217 714 2242 et
728 2214 813 2251 apud
825 2215 894 2243 Au-

196 2266 357 2304 gustinum
382 2265 484 2302 Epist.
508 2272 664 2292 xxxvui.
693 2263 732 2291 ad
757 2263 895 2300 Laetum,

196 2320 229 2345 et
249 2324 368 2344 canone
383 2323 441 2348 1v.‚
462 2313 606 2343 Arabicae
626 2313 896 2351 interpretationis

197 2364 321 2394 concilii
335 2363 447 2392 Niceni
462 2371 484 2391 1.

256 2413 270 2433 d
291 2413 342 2443 De
365 2413 476 2451 servis]
499 2412 750 2451 Clnysostomus,
772 2420 796 2441 1.
821 2412 896 2443 Cor.

956 1668 1006 1698 vii.
1024 1669 1078 1698 24:
1101 1667 1154 1699 καὶ
1170 1667 1234 1708 ’γάρ
1250 1670 1333 1699 εἰσιν
1349 1670 1418 1708 ὅροι
1438 1670 1541 1709 δούλῳ
1562 1670 1654 1708 ’παρά

957 1719 1017 1747 τοῦ
1042 1720 1122 1748 Θεοῦ
1147 1720 1299 1755 κείμενοι·
1320 1720 1372 1749 καὶ
1394 1720 1493 1760 μέχρι
1517 1721 1582 1749 ποῦ
1605 1721 1655 1750 δεῖ

958 1767 1148 1806 φυλάττειν
1162 1770 1279 1799 αὐτοὺς
1299 1771 1354 1799 καὶ
1367 1771 1471 1800 τοῦτο
1487 1771 1654 1809 νενομοθέ-

957 1829 1070 1854 τηται,
1092 1818 1146 1848 καὶ
1161 1819 1371 1857 ὑπερβαίνειν
1385 1821 1504 1849 αὐτοὺς·
1522 1822 1557 1850 οὺ
1580 1821 1655 1860 χρή.

959 1866 1042 1896 ὅταν
1064 1867 1131 1905 γάρ
1153 1869 1251 1904 μηδὲν
1266 1868 1283 1897 ὁ
1298 1869 1464 1904 δεσπότης
1485 1870 1656 1909 ἐπιτάττῃ

959 1917 1028 1945 τῶν
1045 1916 1090 1955 μή
1104 1917 1284 1947 δοκούντων
1298 1920 1347 1955 τῷ
1363 1918 1435 1956 θεῷ,
1455 1919 1594 1949 ἕπεσθαι
1608 1921 1658 1950 δεῖ

959 1966 1013 1996 καὶ
1040 1967 1226 2002 πείθεσθαι,
1259 1968 1448 2007 περαιτέρω
1485 1970 1518 1999 δὲ
1550 1971 1658 2009 μηδέν·

961 2016 1040 2046 Sunt
1064 2020 1092 2046 et
1114 2018 1212 2047 servis
1234 2018 1345 2047 limites
1367 2019 1417 2047 sui
1439 2028 1460 2048 a
1482 2019 1552 2048 Deo
1572 2030 1657 2058 prae-

959 2066 1081 2104 scripti,
1099 2070 1127 2095 et
1140 2076 1297 2105 quousque
1310 2076 1361 2096 eos
1377 2077 1502 2098 servare
1517 2073 1659 2107 oporteat

960 2118 988 2144 et
1003 2116 1059 2144 hoc
1067 2119 1257 2153 proeceptum
1271 2119 1324 2151 est,
1342 2125 1436 2154 neque
1455 2127 1506 2146 eos
1520 2118 1590 2148 licet
1604 2129 1659 2148 ex·-

961 2162 1076 2192 cedere.
1124 2162 1188 2192 Ubi
1210 2163 1289 2191 enim
1309 2163 1390 2192 nihil
1411 2164 1552 2194 dominus
1569 2165 1660 2202 jubet

961 2221 1065 2241 eorum
1088 2221 1157 2250 quoe
1179 2213 1249 2241 Deo
1274 2213 1500 2250 improbantur,
1525 2215 1612 2253 sequi
1631 2219 1660 2245 et

961 2262 1090 2300 obsequi
1109 2265 1239 2300 oportet,
1261 2272 1321 2291 non
1341 2263 1437 2294 ultra.
1480 2264 1589 2303 (Tom.
1606 2274 1660 2295 111.

962 2321 1037 2350 pag.
1052 2311 1138 2349 362.)
1180 2312 1230 2341 De
1254 2313 1490 2342 matrefamilias
1513 2313 1661 2344 Clemens

963 2362 1215 2391 Alexandrinus:
1237 2362 1351 2392 πάντα
1369 2364 1418 2401 τῷ
1440 2363 1528 2401 ἀνδρὶ
1550 2365 1661 2394 πειθο-

962 2411 1052 2450 μένη,
1073 2411 1114 2441 αἱς
1131 2412 1229 2448 μηδὲν
1243 2412 1379 2443 ἄκοντος
1394 2413 1517 2444 ἐκείνου
1530 2416 1661 2454 πρᾶξαί

269 2578 319 2612 11.
368 2578 498 2620 These,
519 2578 551 2613 if
571 2579 660 2626 they
680 2592 742 2615 are
760 2580 880 2616 either
900 2580 1019 2616 called
1037 2584 1076 2615 to
1097 2580 1259 2622 counsel,
1277 2591 1319 2615 or
1339 2579 1372 2613 if
1388 2591 1410 2614 a
1430 2579 1509 2615 free
1532 2581 1661 2627 option

199 2635 229 2669 is
249 2635 357 2680 given
380 2635 487 2669 them
504 2635 546 2670 of
562 2648 635 2670 war
652 2649 693 2671 οι·
709 2649 833 2683 peace,
852 2637 967 2683 ought
984 2642 1022 2672 to
1040 2637 1163 2672 follow
1180 2637 1245 2672 the
1262 2648 1362 2671 same
1379 2637 1496 2672 rulers
1513 2649 1551 2672 as
1573 2637 1662 2684 they

199 2692 280 2726 who
301 2692 350 2737 by
370 2691 467 2726 their
488 2703 569 2726 own
586 2693 748 2728 decision
765 2694 971 2728 undertake
993 2705 1084 2728 wars
1105 2694 1163 2728 for
1183 2693 1404 2728 themselves
1429 2705 1472 2728 or
1492 2694 1628 2730 others.

268 2749 337 2782 ΙΙΙ.
387 2753 404 2782 1
437 2749 512 2783 But
532 2749 564 2783 if
580 2749 669 2796 they
685 2761 748 2784 are
769 2750 1011 2785 commanded
1032 2755 1072 2784 to
1087 2750 1168 2794 join
1186 2751 1223 2783 in
1240 2761 1262 2784 a
1282 2761 1366 2790 war,
1387 2761 1426 2784 as
1447 2750 1552 2785 often
1567 2751 1660 2797 hap-

199 2816 302 2851 pens,
327 2805 360 2839 if
377 2805 466 2851 they
486 2817 548 2840 are
569 2807 671 2851 quite
697 2807 796 2841 clear
816 2806 898 2841 that
925 2806 989 2841 the
1017 2818 1091 2840 war
1118 2807 1148 2841 is
1170 2806 1358 2848 unlawful‚
1375 2806 1463 2853 they
1484 2807 1600 2853 ought
1621 2815 1660 2843 to

199 2863 354 2896 abstain.

408 2862 505 2897 That
534 2863 617 2897 God
638 2863 668 2898 is
689 2868 728 2898 to
752 2863 800 2898 be
826 2863 967 2909 obeyed
992 2863 1118 2898 rather
1148 2863 1239 2897 than
1268 2874 1365 2903 men,
1397 2868 1463 2899 not
1488 2865 1575 2911 only
1595 2866 1659 2900 the

199 2919 370 2965 Apostles
401 2918 494 2954 have
520 2919 611 2963 said,
635 2920 703 2955 but
734 2921 905 2956 Socrates
926 2920 1023 2955 also:
1051 2920 1125 2955 and
1152 2919 1216 2955 the
1242 2923 1397 2956 masters
1429 2932 1564 2968 among
1595 2921 1660 2958 the

1437 293 1644 335 abstinere
1663 303 1734 339 vict>
1749 306 1781 329 de
1791 307 1862 329 σιω-ο

1664 335 1742 363 Belli,
1754 343 1780 360 n.
1795 338 1833 360 21.

1628 641 1644 667 ς
1662 634 1744 663 Apud
1759 634 1811 658 Eus
1812 635 1853 659 eb.

1664 666 1699 688 H
1714 665 1753 689 Ec
1754 665 1833 689 (mliv.
