2018 3204
182 143 274 178 Car.
293 142 400 185 XX]
770 143 837 177 DE
869 143 1048 178 POENIS.
1431 152 1435 156 ·
1561 140 1642 178 305

186 248 389 290 bertatem
414 247 626 304 judicandi
649 253 776 305 auget
805 254 877 290 aut
906 247 1063 297 minuit,
1090 246 1297 289 interdum
1322 252 1365 288 et
1393 247 1641 303 pravitatem

188 312 312 354 animi
336 313 526 355 ostendit.
588 314 773 363 Qualitas
797 313 945 369 partim
971 313 1024 355 ad
1047 327 1202 370 genera
1233 312 1488 368 appetituum
1512 313 1641 354 refer-

189 384 270 427 tur,
305 379 456 434 partim
485 379 538 420 ad
574 393 715 420 causas
739 393 830 434 quae
864 379 1106 420 abstrahere
1135 393 1160 420 a
1182 378 1387 433 peccando
1423 378 1639 420 debebant.

192 444 410 493 Quantitas
444 458 605 500 quoque
639 444 694 485 ad
727 444 956 500 appetitum
987 444 1205 486 referenda
1239 448 1313 485 est.
1371 444 1556 486 Eventus
1587 444 1641 486 ad

189 523 330 551 causas
353 510 648 551 abstrahentes

289 575 538 616 XXXVIII.
611 573 752 616 Solere
774 588 906 629 poenae
931 574 1174 630 expetendae
1201 589 1324 616 causa
1347 574 1455 617 bella
1478 574 1638 631 suscipi,

188 644 230 681 et
253 654 378 695 supra
402 639 652 681 ostendimus
676 645 717 680 et
740 640 889 694 passim
915 639 1062 681 docent
1085 639 1293 682 historiae:
1329 655 1376 681 ac
1399 641 1639 696 plerumque

186 704 274 747 haec
303 719 425 746 causa
447 704 578 747 altera
609 705 660 746 de
690 704 839 746 damno
863 705 1094 760 reparando
1124 705 1338 761 conjuncta
1366 712 1440 754 est,
1475 707 1638 761 quando

186 769 294 811 idem
318 776 433 812 actus
457 776 499 812 et
517 770 684 813 vitiosus
708 770 786 812 fuit
810 776 851 812 et
875 770 1067 812 damnum
1089 771 1225 826 reipsa
1246 759 1396 820 intulit,
1419 785 1470 811 ex
1494 771 1640 825 quibus

187 835 345 877 duabus
369 835 632 891 qualitatibus
657 836 749 877 duae
774 836 948 877 diversae
972 842 1194 877 nascuntur
1215 835 1498 892 obligationes,
1543 836 1639 877 Non

185 915 273 942 esse
306 906 444 943 autem
474 901 580 943 bella
608 901 862 956 suscipienda
897 901 948 942 ob
973 900 1121 942 delicta
1140 900 1297 956 quaevis
1329 900 1427 941 satis
1454 906 1638 943 constat:

184 981 279 1008 nam
303 981 354 1008 ne
387 966 500 1023 leges
522 966 685 1022 quidem
717 980 830 1008 suam
854 966 964 1007 illam
988 966 1195 1014 ultionem,
1229 980 1321 1021 quae
1342 971 1433 1007 tuto
1464 980 1539 1007 nec
1562 966 1639 1007 nisi

183 1032 423 1074 nocentibus
446 1038 576 1081 nocet,
607 1031 794 1073 omnibus
815 1031 941 1087 culpis
964 1031 1216 1086 impendunt.
1280 1032 1424 1080 Recte,
1448 1036 1494 1073 ut
1517 1031 1638 1073 modo

183 1097 370 1146 diximus,
412 1098 587 1153 Sopater
626 1102 819 1153 oportere
858 1097 928 1145 ait,
962 1111 1010 1137 ea
1052 1110 1144 1152 quae
1178 1095 1336 1138 minora.
1371 1101 1414 1138 et
1451 1096 1639 1154 vulgaria

182 1169 277 1204 sunt
301 1162 450 1204 delicta
473 1162 729 1210 dissimulari,
754 1176 835 1203 non
857 1161 1067 1203 vindicari.

282 1229 486 1269 XXXIX.
548 1229 571 1269 1
622 1227 729 1269 Illud
753 1233 890 1268 autem
913 1227 1024 1282 quod
1055 1227 1098 1268 in
1123 1227 1306 1270 oratione
1327 1243 1402 1284 pro
1427 1228 1637 1270 Rhodien-

180 1293 291 1335 sibus
314 1308 339 1335 a
361 1294 518 1335 Catone
538 1293 690 1335 dictum
714 1292 802 1342 fuit,
826 1307 907 1334 non
931 1307 1019 1334 esse
1043 1307 1203 1348 aequum
1227 1308 1368 1349 poenas
1391 1308 1636 1349 quemquam

180 1359 281 1408 dare
316 1359 367 1401 ob
402 1374 492 1401 eam
527 1374 614 1400 rem
650 1359 759 1414 quod
793 1363 996 1415 arguatur
1030 1359 1136 1400 male
1171 1359 1307 1400 facere
1342 1359 1528 1408 voluisse,
1563 1374 1636 1401 suo

180 1425 343 1481 quidem
367 1424 454 1466 loco
478 1440 559 1466 non
589 1424 694 1465 male
719 1430 809 1465 erat
832 1423 1023 1479 positum,
1057 1424 1152 1479 quia
1165 1424 1327 1490 ¹nullum
1359 1424 1498 1480 populi
1525 1424 1637 1466 Rho-

180 1490 331 1532 diensis
355 1490 564 1532 decretum
588 1490 743 1531 adferri
765 1495 940 1544 poterat,
975 1489 1048 1530 sed
1071 1489 1196 1530 animi
1227 1490 1460 1531 fluctuantis
1482 1489 1636 1545 conjec-

180 1562 310 1598 turae:
346 1555 634 1597 universaliter
669 1560 807 1596 autem
847 1555 924 1595 hoe
955 1554 1234 1610 recipiendum
1268 1569 1350 1596 non
1381 1560 1457 1596 est.
1527 1556 1636 1597 Nam

179 1622 369 1664 voluntas
403 1636 496 1676 quae
524 1620 578 1662 ad
605 1627 797 1662 externos
828 1625 943 1662 actus
978 1620 1175 1676 processit
1207 1620 1407 1674 (internos
1439 1620 1546 1662 enim
1583 1621 1636 1663 ab

178 1739 211 1767 in
231 1738 334 1768 sacris
352 1737 496 1775 publicis.
530 1737 621 1774 (Pag.
637 1738 696 1766 805
711 1736 755 1774 E.)
791 1736 873 1765 Cum
943 1738 993 1765 tor
1016 1736 1110 1765 tacite
1130 1737 1273 1774 sequitur
1295 1738 1546 1767 emendationem
1571 1747 1639 1768 rec-

177 1789 224 1817 his
250 1788 395 1817 convenit
425 1787 509 1825 quod
533 1796 571 1815 ex
596 1786 742 1815 Labeone
770 1785 873 1814 adfert
942 1789 1007 1815 tam
1029 1786 1199 1824 (quidquid
1222 1787 1306 1816 dicat
1320 1791 1493 1825 perpetuus
1513 1789 1637 1818 obtrec-

178 1837 331 1875 L'lpianus
346 1836 366 1864 l.
389 1839 507 1873 praetor
521 1835 628 1870 edixit,
648 1836 678 1864 7.
699 1834 730 1862 in
752 1834 813 1863 fine
829 1834 871 1862 D.
941 1838 1026 1863 tator
1051 1836 1125 1864 Gul.
1148 1836 1328 1872 Fornerius,
1358 1838 1465 1867 Select.
1488 1847 1510 1868 1.
1533 1841 1581 1867 21.
1606 1842 1638 1869 et

175 1887 214 1916 de
229 1886 360 1924 injuriis.
389 1886 532 1914 Persona
546 1885 684 1913 atrocior
695 1884 872 1921 injuriafit,
940 1887 1013 1922 post
1024 1894 1093 1913 eum
1103 1885 1156 1914 alii
1168 1886 1355 1924 praejudiciis
1367 1888 1528 1925 obcaecati)
1545 1889 1638 1917 Sum-

176 1934 499 1973 utcummaqistralui,
515 1943 581 1962 cum
586 1934 723 1971 parenti,
734 1937 870 1971 patrono
940 1935 982 1963 mi
1003 1935 1152 1971 emen,
1175 1937 1229 1973 qui
1253 1945 1311 1974 pro
1334 1937 1491 1966 Proetoris
1513 1939 1546 1967 in
1566 1948 1638 1968 con-

164 1986 252 2023 flat;
274 1988 416 2023 tempore,
436 1984 465 2012 si
485 1983 569 2012 ludis
588 1986 616 2012 ei
636 1983 669 2011 in
689 1986 868 2021 compactus
937 1988 1051 2022 spectu,
1071 1985 1242 2023 legendum
1265 1987 1400 2022 censuit,
1427 1988 1547 2025 Populi
1570 1989 1638 2017 Ro-

174 2045 245 2064 nam
260 2034 373 2073 populi
389 2034 523 2063 Romani
544 2034 576 2062 in
596 2036 756 2070 compeciu
777 2042 818 2061 an
838 2033 870 2061 in
938 2035 1024 2063 mani
1038 2035 1070 2063 in
1085 2038 1255 2073 conspectu,
1278 2044 1478 2074 erroremque
1495 2047 1533 2067 ex
1550 2038 1638 2076 siglis

172 2085 338 2115 solitudine
358 2084 477 2121 injuria
489 2084 586 2122 facta
607 2084 657 2118 sit,
679 2084 805 2112 multum
820 2083 868 2111 in·
938 2087 1043 2113 ortum
1059 2084 1297 2115 demonstravit.
1337 2085 1372 2114 J.
1383 2085 1442 2124 13.]

173 2139 282 2165 teresse
296 2135 353 2165 ait.
381 2134 435 2173 [In
450 2134 508 2163 hac
517 2134 604 2171 Lege
615 2133 771 2161 laudanda
782 2133 868 2162 Aue-

174 2297 340 2342 damage,
360 2296 466 2331 when
487 2296 550 2331 the
571 2306 671 2331 same
692 2300 751 2330 act
780 2307 851 2330 was
872 2296 963 2331 both
989 2297 1126 2332 vicious
1151 2297 1224 2332 and
1248 2297 1438 2343 produced
1458 2298 1632 2344 damage:

174 2353 271 2388 from
297 2353 415 2387 which
444 2359 514 2387 two
544 2353 714 2398 qualities
735 2357 807 2387 two
833 2353 1005 2388 different
1026 2354 1247 2399 obligations
1268 2355 1373 2389 arise.
1426 2355 1524 2390 That
1544 2367 1635 2390 wars

174 2421 238 2444 are
258 2414 324 2444 not
345 2414 383 2444 to
401 2409 446 2443 be
466 2409 696 2443 undertaken
715 2409 775 2443 for
791 2421 900 2455 every
916 2410 1023 2451 fault,
1040 2411 1070 2445 is
1096 2411 1248 2445 obvious
1269 2411 1439 2457 enough3
1464 2412 1522 2447 for
1543 2423 1635 2447 even

175 2466 239 2501 tho
256 2466 341 2500 laws
367 2465 414 2500 do
436 2470 501 2500 not
522 2466 634 2511 apply
650 2465 748 2500 their
774 2467 971 2501 vindictive
993 2469 1186 2513 operation
1208 2473 1246 2502 to
1273 2469 1322 2502 all
1343 2469 1467 2510 faults,
1492 2468 1635 2514 though

174 2523 262 2568 they
277 2523 362 2568 only
375 2522 480 2556 barm
498 2522 561 2556 the
578 2523 707 2568 guilty.
750 2523 837 2557 This
859 2524 887 2558 is
905 2523 1015 2568 right,
1033 2535 1071 2558 as
1088 2535 1140 2559 we
1158 2524 1251 2559 have
1268 2525 1357 2559 said.
1399 2525 1448 2560 So
1463 2526 1632 2571 Sopater.

246 2579 432 2613 XXXIX.
486 2583 502 2612 1
534 2579 646 2613 What
664 2579 755 2614 Cato
774 2580 851 2613 said
869 2580 926 2614 for
943 2580 1007 2615 the
1024 2581 1226 2622 Rhodians,
1243 2581 1324 2616 that
1341 2582 1370 2616 it
1386 2593 1457 2617 was
1476 2588 1541 2616 not
1555 2583 1635 2627 just

173 2635 255 2671 that
283 2647 305 2669 a
332 2646 465 2680 person
487 2634 619 2669 should
640 2635 687 2670 be
707 2636 889 2681 punished
912 2637 970 2671 for
997 2637 1062 2672 the
1091 2638 1160 2672 evil
1187 2638 1305 2672 which
1330 2638 1377 2673 he
1398 2650 1469 2673 was
1490 2639 1635 2685 alleged

174 2693 261 2738 only
283 2697 321 2726 to
342 2692 435 2726 have
455 2691 591 2726 wished
614 2696 652 2726 to
673 2692 732 2733 (lo,
764 2704 834 2727 was
855 2698 921 2727 not
950 2694 988 2727 ill
1010 2698 1078 2739 put
1098 2695 1134 2727 in
1153 2695 1199 2728 its
1220 2706 1301 2729 own
1333 2695 1449 2740 place,
1475 2695 1634 2730 because

173 2761 221 2783 rao
244 2749 375 2784 decrec
392 2748 435 2782 of
452 2749 515 2782 the
537 2748 726 2783 Rhodians
749 2747 952 2795 [declaring
970 2762 1044 2784 war
1068 2751 1211 2796 against
1232 2751 1296 2786 the
1317 2750 1509 2794 Romans‚]
1523 2752 1633 2787 could

172 2806 219 2841 be
241 2806 420 2847 adduc-cd,
439 2806 505 2839 but
534 2806 619 2851 only
642 2806 868 2850 conjectures
898 2808 940 2840 of
962 2818 983 2840 a
1008 2807 1227 2853 fluctuating
1255 2809 1379 2843 mind:
1407 2809 1474 2844 but
1499 2809 1572 2843 this
1603 2810 1633 2843 is

173 2868 238 2898 not
263 2863 486 2908 universally
504 2867 542 2897 to
560 2862 607 2898 be
625 2863 804 2897 received.
865 2863 939 2898 For
959 2863 1023 2898 the
1044 2864 1116 2898 will
1138 2864 1256 2900 which
1274 2865 1339 2901 has
1359 2866 1567 2913 proceeded
1593 2870 1632 2901 to

309 2967 461 3024 [onor.
489 2969 553 3025 ιι]
1441 2939 1496 2980 20

1655 1307 1723 1332 Gell.
1738 1307 1782 1332 vii.
1795 1308 1818 1332 3.
