2018 3204
363 151 448 192 318
956 159 1024 192 DE
1055 158 1238 193 POENIS.
1663 156 1759 201 [Lm.
1779 158 1829 194 11.

363 271 451 307 tum
475 265 530 308 ad
553 265 738 322 publicas
761 264 947 307 virtutes.
983 264 1100 307 Vidit
1123 270 1165 307 et
1188 265 1265 306 hoc
1290 265 1508 314 Homerus,
1531 265 1600 320 qui
1626 266 1828 322 Odysseae

139 342 204 403 3351.
218 343 308 374 120‚ec
363 337 480 374 sexto
519 337 562 373 et
600 337 744 373 octavo
781 330 1014 372 hominibus
1051 328 1286 389 ὑβρισταῖς
1327 329 1392 374 καὶ
1432 328 1613 389 ἀγρίοις,
1637 333 1756 386 seris
1787 340 1827 375 et

141 404 273 432 Ver-⁵76·
363 399 553 449 injustis,
591 395 761 451 opponit
797 410 867 437 eos
903 395 1049 450 quibus
1089 394 1178 443 νόος
1214 393 1314 440 ἐστὶ
1350 391 1536 449 Θεουδῆς,
1574 411 1689 439 mens
1725 399 1825 440 reli-

362 464 497 516 9iosa.
538 461 606 503 Sic
629 461 872 503 Judaeorum
896 467 1083 503 veterum
1107 457 1332 517 ¹¹justitiam
1356 461 1555 518 religione
1578 461 1826 517 permixtam

143 539 341 599 2220}Z}X³·²·
363 527 505 569 laudat
539 541 591 569 ex
623 527 762 584 Trogo
797 526 1017 577 Justinus3
1053 527 1157 569 sicut
1191 527 1353 569 eosdem
1385 528 1555 570 Judaeos
1584 527 1735 570 Strabo
1769 524 1826 572 δι-

142 600 197 624 xvi.
210 608 234 631 1³·
246 601 298 628 761·
362 594 744 652 καιοπραὙοῦντ-ας
767 592 832 636 καὶ
860 590 1059 648 εὐσεβεῖς
1083 590 1133 640 ὦς
1159 590 1328 644 άληθῶς
1359 590 1501 641 ὄντας.
1557 593 1821 636 Lactantius:

143 671 289 696 Just-Dim
362 660 403 701 si
437 674 534 714 erqo
565 661 712 714 pietas
751 667 812 701 est
843 674 1086 713 cofflzoscere
1121 661 1275 708 Deum,
1304 661 1426 712 cujus
1454 661 1710 715 coquitionis
1736 661 1826 703 Izoec

143 708 167 724 k
183 702 218 725 Μ’
362 740 531 766 summa
559 731 621 767 est
653 730 702 766 ut
732 740 826 767 eum
850 725 978 773 colas,
1003 727 1179 780 iqnorat
1202 726 1348 781 utiquc
1361 728 1601 778 justitiam,
1627 727 1704 780 qui
1725 727 1825 769 reli-

359 792 527 845 9ionem
550 792 638 833 Dei
660 805 744 833 non
768 799 885 833 tenet.
947 792 1163 843 Quomodo
1186 793 1298 833 enim
1314 799 1454 845 potest
1477 806 1571 834 eam
1600 805 1717 833 nosse
1749 793 1826 847 qui

140 863 243 920 {327er
257 863 317 894 Dei»
362 858 474 898 unde
513 858 685 899 oriatur
725 857 937 912 iynorat?
998 857 1115 898 Idem
1154 856 1274 899 alibi:
1309 857 1512 911 rcliyioni
1545 865 1607 900 est
1633 859 1826 912 propria

352 924 548 975 justitia.

454 989 480 1030 6
528 987 559 1028 J
562 1002 628 1030 am
653 1002 751 1029 vero
781 987 978 1043 majorem
1008 987 1130 1030 etiam
1154 1003 1271 1030 usum
1294 987 1422 1030 habet
1445 986 1588 1045 religio
1612 987 1655 1029 in
1678 987 1826 1044 majori

359 1053 430 1095 illa
452 1068 574 1109 quam
597 1053 639 1095 in
663 1053 770 1095 civili
788 1053 995 1103 societate,
1018 1054 1115 1109 quia
1137 1054 1179 1095 in
1203 1053 1311 1096 civili
1335 1059 1496 1109 partem
1521 1053 1607 1109 ejus
1630 1055 1825 1110 supplent

358 1119 472 1176 leges
503 1125 545 1161 et
578 1119 707 1161 facilis
739 1120 878 1177 legum
918 1120 1150 1162 exsecutio:
1183 1134 1274 1161 cum
1312 1125 1454 1161 contra
1490 1119 1532 1160 in
1567 1133 1718 1177 magna
1753 1120 1825 1163 illa

360 1185 652 1227 communitate
669 1185 774 1241 juris
806 1185 1012 1227 exsecutio
1045 1185 1097 1227 sit
1132 1185 1378 1234 difficillima,
1404 1191 1450 1227 ut
1473 1200 1566 1240 quae
1595 1185 1672 1227 nisi
1695 1186 1822 1228 armis

359 1250 520 1305 expleri
544 1257 735 1306 nequeat,
761 1256 803 1292 et
825 1251 939 1308 leges
963 1251 1239 1306 paucissimae:
1275 1265 1367 1306 quae
1391 1250 1490 1307 ipsae
1515 1251 1680 1306 insuper
1709 1266 1824 1293 sanc-

315 1315 568 1373 ·timoniam
606 1330 721 1358 suam
752 1316 908 1358 habent
941 1316 1146 1372 praecipue
1180 1331 1206 1358 a
1237 1322 1350 1358 metu
1384 1316 1584 1366 numinis3
1621 1316 1731 1359 unde
1752 1317 1824 1373 qui

358 1379 401 1421 in
422 1380 492 1436 jus
515 1381 699 1437 gentium
730 1386 914 1437 peccant,
948 1382 1132 1423 divinum
1160 1381 1229 1437 jus
1253 1381 1409 1423 violare
1440 1382 1590 1437 passim
1614 1382 1819 1425 dicuntur.

358 1447 454 1488 Non
478 1447 583 1488 male
607 1462 707 1504 ergo
731 1447 970 1504 religionem
990 1447 1307 1489 contaminatam
1330 1447 1385 1488 ad
1410 1447 1587 1489 omnium
1611 1449 1823 1504 pertinere

139 1523 171 1577 151-
170 1522 297 1579 alcidis?
358 1511 548 1568 injuriam
573 1512 715 1554 dixere
738 1513 1028 1568 Imperatores

459 1579 591 1621 XLV.
662 1581 686 1620 1
736 1579 798 1620 Ut
831 1593 920 1620 rem
952 1584 1082 1621 totam
1113 1577 1291 1634 penitius
1315 1577 1656 1635 introspiciamus,
1678 1584 1823 1622 notan-

357 1643 455 1686 dum
491 1651 565 1694 est,
602 1644 842 1702 religionem
876 1659 1030 1695 veram,
1064 1659 1158 1700 quae
1193 1643 1374 1686 omnium
1408 1650 1578 1687 aetatum
1602 1646 1825 1688 communis

416 1760 430 1781 ¹¹
471 1761 636 1790 Justitiam
669 1761 819 1799 reliqz'one
852 1759 1057 1798 permixtam]
1124 1759 1236 1796 Deum,
1257 1763 1286 1789 et
1299 1760 1332 1788 in
1354 1760 1490 1790 homines
1498 1759 1638 1798 justitia,
1660 1761 1750 1802 (pag.
1765 1763 1825 1792 378

357 1811 449 1841 Philo
473 1811 546 1840 Vita
568 1811 767 1840 Abrahami:
790 1811 851 1844 τῆς
871 1811 973 1844 αὐτῆς
993 1810 1056 1847 φύ-
1125 1809 1177 1847 1).)

357 1861 440 1891 ceals-
458 1861 552 1890 ἐστιν
572 1862 690 1898 εὐσεβῆ
705 1871 745 1888 τε
764 1860 847 1888 εἶναι
866 1859 920 1888 καὶ
936 1859 1057 1896 φιλάν-
1187 1859 1195 1880 i
1220 1860 1434 1899 Antisthenes]
1469 1860 1632 1890 Laudatus
1665 1861 1826 1891 Clementi

357 1909 497 1948 θρωπον,
519 1910 573 1938 καὶ
594 1909 672 1947 περὶ
696 1912 757 1937 τὸν
781 1908 882 1937 αὐτὸν
901 1908 1058 1945 ἑκάτερον
1124 1909 1352 1938 Alexandrino.
1398 1909 1496 1948 [Cap.
1512 1919 1556 1939 VI.
1576 1919 1651 1949 pag.
1668 1911 1716 1941 66.
1757 1910 1824 1941 Ed.

356 1958 492 1993 ὁσιότης
518 1960 576 1996 μὲν
599 1959 683 1996 πρὸς
703 1957 786 1993 θεὸν,
813 1957 999 1990 δικαιοσύνη
1025 1957 1056 1985 δὲ
1127 1958 1225 1987 0³:071.
1241 1959 1294 1987 ubi
1309 1960 1371 1987 tria
1385 1960 1491 1997 priora
1503 1960 1599 1988 verba
1612 1959 1752 1998 desunt.]
1775 1961 1825 1990 Ex

355 2009 439 2045 ’πρὸς
461 2008 631 2045 ἄνθρωπον
653 2007 839 2044 θεωρεῖται·
861 2005 994 2042 ejusdem
1015 2008 1058 2034 est
1123 2007 1178 2035 illo
1200 2007 1324 2036 videtur
1339 2008 1397 2036 hoc
1418 2009 1587 2045 promsisse
1610 2009 1729 2038 Seneca
1752 2010 1822 2040 Lib.

355 2062 478 2088 naturoe
490 2059 668 2097 reliqz'osum
677 2060 774 2086 esseet
784 2057 938 2085 hominum
949 2066 1058 2085 aman-
1124 2065 1184 2086 ΠΙ.
1199 2066 1226 2086 c.
1239 2058 1286 2086 30.
1301 2057 1494 2085 naturalium
1510 2058 1719 2096 quaestionum
1729 2069 1738 2087 :
1758 2059 1825 2096 ipse

355 2112 435 2138 tem.-
459 2109 547 2147 apud
563 2108 688 2138 eundem
708 2109 888 2146 spectantur
902 2106 1008 2144 pietas
1026 2106 1058 2134 in
1124 2106 1231 2144 quiea
1257 2109 1383 2142 tractat,
1409 2108 1464 2145 qui
1484 2107 1635 2144 condidit,
1653 2109 1708 2147 qui
1729 2112 1824 2139 totum

355 2271 421 2307 the
441 2275 604 2317 greatest
626 2282 703 2312 use,
729 2271 823 2306 both
848 2272 887 2305 in
916 2272 963 2306 its
987 2271 1141 2317 bearing
1162 2282 1264 2317 upon
1291 2271 1434 2317 private
1465 2270 1539 2304 and
1566 2281 1668 2316 upon
1696 2271 1823 2316 public

356 2329 507 2365 virtues.
557 2329 607 2363 So
621 2329 763 2363 Homer
780 2340 947 2375 opposes,
964 2332 1004 2363 to
1021 2328 1106 2362 wild
1123 2329 1196 2362 and
1210 2329 1337 2373 unjust
1357 2339 1454 2369 men,
1471 2327 1578 2362 those
1594 2327 1676 2362 who
1691 2327 1785 2362 have
1801 2339 1824 2362 a.

356 2386 531 2432 religious
556 2386 671 2420 mind.
726 2386 775 2420 So
793 2386 917 2420 Justin
935 2386 1085 2431 praises,
1109 2386 1148 2419 in
1175 2385 1239 2420 the
1264 2386 1413 2420 ancient
1437 2385 1546 2426 Jews,
1570 2384 1669 2419 their
1688 2385 1824 2430 justice

356 2443 482 2478 mixed
503 2443 588 2477 with
611 2443 787 2488 religion:
820 2443 894 2477 and
910 2453 950 2477 so
970 2442 1116 2477 Strabo.
1168 2443 1217 2477 So
1236 2442 1450 2477 Lactantius
1472 2453 1554 2487 says
1574 2441 1657 2476 that
1676 2441 1724 2477 he
1741 2441 1823 2476 who

357 2500 387 2535 is
403 2504 470 2534 not
485 2500 658 2545 religious
680 2500 767 2534 does
784 2503 851 2534 not
870 2500 978 2534 know
998 2499 1095 2533 what
1111 2500 1245 2544 justice
1266 2500 1305 2534 is.

428 2560 449 2591 6
480 2557 565 2591 And
585 2557 742 2602 religion
764 2557 793 2591 is
823 2567 916 2591 even
941 2567 1044 2591 more
1069 2556 1192 2591 useful
1208 2557 1248 2590 in
1272 2556 1355 2590 that
1371 2556 1493 2602 larger
1513 2555 1652 2602 society
1680 2552 1739 2600 [of
1758 2554 1824 2590 the

357 2613 498 2648 human
517 2610 618 2657 race]
638 2613 730 2647 than
752 2614 790 2647 in
807 2614 891 2648 civil
907 2614 1070 2659 society;
1096 2615 1195 2648 since
1212 2613 1251 2647 in
1268 2613 1331 2647 the
1351 2614 1474 2654 latter,
1494 2614 1540 2648 its
1561 2613 1667 2658 place
1686 2613 1717 2646 is
1738 2623 1824 2657 sup-

357 2671 460 2716 plied
476 2671 525 2716 by
548 2670 647 2711 laws,
668 2670 743 2704 and
763 2670 827 2705 the
848 2682 934 2716 easy
951 2671 1145 2705 execution
1166 2670 1209 2704 of
1223 2670 1331 2712 laws3
1361 2670 1469 2705 while
1489 2681 1538 2704 on
1557 2669 1622 2704 the
1638 2673 1822 2714 contrary,

359 2728 398 2761 in
418 2727 500 2762 that
520 2727 633 2761 wider
659 2728 899 2773 community,
920 2727 986 2762 the
1007 2728 1201 2762 execution
1225 2727 1269 2762 of
1285 2727 1353 2761 law
1380 2728 1410 2762 is
1432 2738 1521 2772 very
1538 2727 1702 2767 difficult,
1722 2726 1822 2761 since

360 2783 390 2816 it
415 2795 483 2817 can
505 2784 591 2829 only
608 2784 654 2818 be
675 2785 819 2818 carried
839 2785 918 2818 into
947 2784 1056 2819 effect
1072 2785 1122 2830 by
1141 2796 1252 2825 arms,
1271 2784 1344 2818 and
1361 2784 1425 2819 the
1442 2784 1528 2818 laws
1549 2795 1612 2817 are
1629 2794 1717 2828 very
1736 2782 1818 2816 few·

360 2838 447 2872 And
463 2840 566 2874 these
583 2845 646 2874 too
662 2841 757 2875 have
774 2841 873 2875 their
889 2842 1056 2876 sanction
1073 2841 1212 2887 mainly
1231 2841 1329 2875 from
1350 2841 1413 2875 the
1440 2841 1522 2875 sear
1548 2840 1591 2874 of
1616 2840 1679 2874 the
1700 2838 1823 2872 divine

361 2905 507 2939 power:
530 2897 602 2930 and
613 2896 741 2939 hence,
758 2897 848 2944 they
860 2898 941 2933 who
957 2903 1162 2944 transgress
1175 2898 1240 2933 the
1251 2899 1356 2933 Laws
1377 2898 1419 2932 of
1431 2898 1469 2932 N
1471 2897 1601 2937 ations,
1617 2906 1680 2929 are
1695 2905 1824 2941 every-
