2018 3204
140 647 231 701 gelgic.
244 647 305 673 NIc.
315 654 339 672 v.

141 688 163 706 l,
193 695 199 701 .

141 1107 173 1130 L.
184 1107 222 1130 20.
238 1107 271 1130 D.
284 1107 324 1131 De

142 1137 214 1161 Poen.

141 1168 182 1190 De
197 1169 254 1196 my.
268 1167 306 1191 xi.

140 1204 166 1227 p.
180 1198 226 1220 933
235 1202 260 1220 Ε.

144 1227 181 1250 De
192 1233 254 1251 sera

141 1258 225 1280 Num.
238 1257 314 1282 w'ncl.

140 1294 165 1316 p.
180 1288 226 1310 550
234 1293 261 1311 A.

139 1318 185 1341 559
194 1322 217 1341 F.

140 1628 180 1652 De
191 1628 275 1652 habit.

137 1660 206 1682 (loct.
222 1659 326 1683 Platon.

139 1696 165 1719 p.
176 1690 215 1712 21.

138 1762 211 1785 Ann.
224 1760 261 1784 iii.
275 1761 314 1785 54.

364 65 446 104 252
962 70 1030 104 DE
1062 69 1240 103 POENIs.
1656 67 1752 111 [Lm.
1774 69 1822 104 11.

360 176 481 222 ἕνεκα
504 177 572 223 ’ἕνα
596 176 912 238 ἁποπληρωθῇ,
941 178 1148 231 emissemus·
1175 191 1310 218 causa
1334 184 1385 217 ut
1409 177 1448 218 ei
1471 177 1670 230 satisfiat.
1730 176 1827 218 Plu-

360 246 528 287 tarchus
551 258 712 299 quoque
737 258 826 297 cam
845 257 927 283 non
951 241 1097 291 omisit,
1122 256 1212 297 cum
1237 241 1366 284 dixit:
1399 240 1442 283 ai
1468 238 1551 284 ὑπὸ
1577 243 1706 301 χεῖρα
1732 243 1827 286 τοῖς

361 307 655 361 τολμωμένοις
690 304 951 351 ἀπαντῶσαι
981 307 1181 366 τιμωριάι
1216 306 1281 350 καὶ
1313 309 1400 350 τῶν
1435 305 1686 359 μελλόντων
1721 306 1827 351 εἰσὶν

360 373 611 434 ἐπισχέσεις
644 368 928 425 ἀδικημάτων,
974 371 1039 415 καὶ
1075 370 1274 423 μάλιστα
1307 369 1362 416 τὸ
1401 374 1686 432 παρηγοροῦν
1724 370 1825 420 τούς

359 437 636 484 πεποιθότας
668 435 838 482 ἔνεστιν
860 435 1026 484 αὐταῖς·
1060 453 1153 491 quce
1168 440 1354 493 facinus
1388 440 1540 479 statim
1569 440 1826 494 subsequun-

361 514 431 548 tur
466 520 613 560 poenoe,
665 520 748 546 non
791 506 913 546 modo
959 505 1006 545 in
1045 512 1265 558 posterum
1315 505 1504 546 inhibent
1545 505 1827 559 delinquendi

359 573 608 620 audaciam,
641 573 714 612 secl
737 579 776 612 et
803 571 971 624 injuria
1000 571 1173 624 affectos
1201 571 1389 611 onaoeione
1419 571 1704 612 consolantur.
1769 571 1826 612 Et

357 637 447 678 haec
471 636 637 692 proprie
670 641 732 678 est
761 650 884 691 quam
907 635 1017 676 idem
1048 635 1291 677 Aristoteles
1322 635 1451 677 refert
1475 635 1529 677 ad
1565 630 1826 688 δικαιοσύνην

359 698 718 753 συναλλακτικῆν,
735 702 960 756 justitiam
984 715 1105 756 quam
1130 700 1219 756 ipse
1244 702 1603 743 commutatricem
1630 707 1761 743 vocat.

460 771 486 810 2
535 767 619 810 Sed
641 767 829 809 subtilius
858 766 937 808 ista
965 766 1238 808 examinanda
1261 772 1368 808 sunt.
1427 766 1620 808 Dicemus
1645 781 1757 824 ergo,
1783 767 1826 808 in

357 834 486 890 poenis
520 833 667 890 respici
698 839 771 875 aut
802 832 1019 874 utilitatem
1053 831 1139 888 ejus
1164 832 1233 887 qui
1261 831 1454 888 peccarit,
1490 837 1562 874 aut
1590 831 1678 887 ejus
1711 831 1826 889 cujus

357 900 559 942 intererat
582 914 664 941 non
687 904 898 955 peccatum
923 913 1023 947 esse,
1045 903 1118 940 aut
1141 897 1373 940 indistincte
1397 897 1683 953 quorumlibet.

455 966 559 1009 VII.
621 967 644 1006 1
695 965 761 1006 Ad
783 965 931 1006 horum
955 963 1078 1006 trium
1111 963 1250 1005 finium
1274 963 1452 1019 primum
1477 963 1657 1019 pertinet
1685 977 1822 1019 poena,

357 1046 450 1087 quae
474 1030 724 1088 philosophis
747 1030 868 1071 modo
904 1029 1114 1079 νουθεσία,
1140 1029 1260 1071 modo
1294 1026 1482 1079 κόλασις,
1514 1029 1635 1071 modo
1669 1031 1824 1089 παραί-

359 1117 466 1144 νεσις
500 1097 660 1145 dicitur,
698 1095 827 1137 Paulo
859 1095 1158 1137 Jurisconsulto
1194 1109 1314 1150 poena
1346 1110 1438 1150 quae
1480 1094 1741 1137 constituitur
1781 1095 1823 1136 in

358 1162 695 1210 emendationem,
722 1163 1029 1221 σωφρονισμοῦ
1050 1158 1174 1204 ἕνεκα
1200 1160 1375 1210 Platoni,
1402 1160 1625 1202 Plutarcho
1651 1161 1822 1220 ἰατρεία

358 1230 521 1288 ψυχῆς,
547 1229 688 1268 animi
710 1228 982 1275 mccl-icatrz’x,
1019 1240 1111 1280 quae
1134 1227 1210 1267 hoc
1234 1226 1321 1282 agit
1344 1231 1391 1267 ut
1422 1241 1513 1267 eum
1538 1226 1608 1281 qui
1639 1227 1823 1282 peccavit

355 1294 505 1335 reddat
526 1292 735 1334 meliorem
766 1291 956 1332 medendi
981 1292 1113 1341 modo,
1148 1291 1218 1346 qui
1243 1297 1304 1332 est
1335 1306 1409 1346 per
1433 1291 1650 1333 contraria,
1711 1292 1822 1334 Nam

356 1359 451 1415 quia
475 1358 604 1400 omnis
627 1357 744 1406 actio,
770 1356 998 1412 praesertim
1019 1371 1117 1398 vero
1143 1356 1370 1398 deliberata
1392 1371 1439 1397 ac
1462 1357 1667 1412 frequens,
1693 1372 1822 1413 quan-

356 1426 451 1467 dam
473 1424 608 1482 gignit
631 1423 693 1465 sui
722 1422 1035 1479 proclivitatem,
1063 1437 1155 1478 quae
1179 1422 1320 1464 adulta
1349 1422 1513 1463 habitus
1539 1422 1698 1472 dicitur,
1729 1423 1821 1464 ideo

357 1491 480 1543 vitiis,
513 1489 814 1546 quamprimum
842 1488 930 1530 fieri
954 1494 1102 1544 potest,
1138 1488 1356 1530 adimenda
1386 1494 1448 1529 est
1475 1487 1678 1538 illecebra,
1712 1489 1823 1544 quod

355 1556 445 1598 fieri
468 1556 619 1598 rectius
642 1554 796 1611 nequit,
822 1569 945 1609 quam
970 1554 1003 1595 si
1027 1554 1192 1596 Sdolore
1213 1554 1391 1609 quodam
1410 1554 1682 1609 subsequente
1705 1569 1822 1610 sapo-

355 1637 442 1664 rem
464 1622 655 1664 amittant
679 1620 911 1663 dulcedinis.
969 1619 1169 1662 Platonici
1192 1619 1391 1661 recitante
1412 1619 1612 1675 Apuleio:
1640 1621 1822 1674 yravius

356 1696 394 1729 et
417 1689 613 1730 acerbius
637 1695 697 1729 est
721 1687 836 1728 omni
859 1687 1072 1740 supplicio
1096 1688 1136 1728 si
1159 1686 1283 1727 noxio
1312 1687 1553 1741 impunitas
1576 1687 1821 1740 clzfferatur,

354 1768 427 1795 nec
448 1755 663 1794 hominum
686 1753 858 1793 interim
884 1753 1257 1793 animadversione
1273 1753 1508 1806 plectatur.
1557 1751 1681 1807 Apud
1706 1751 1822 1792 Taci-

353 1824 441 1860 tum
465 1824 549 1860 est:
588 1825 813 1871 corruptus
837 1817 968 1858 simul
990 1825 1029 1858 et
1053 1826 1278 1872 corruptor
1307 1832 1417 1871 aeyer
1441 1825 1479 1859 et
1493 1818 1700 1872 flayrans
1725 1819 1822 1859 ani-

410 1939 420 1953 ⁸
441 1933 561 1962 Dolore
571 1933 705 1971 quodam
715 1931 921 1969 subsequente]
935 1931 1053 1960 Seneca
1121 1934 1149 1960 et
1163 1931 1287 1959 adactis
1301 1932 1413 1967 cuneis,
1434 1941 1494 1960 non
1509 1933 1752 1971 utfranqamus‚
1767 1934 1823 1963 sed

360 1983 391 2012 ‘le
405 1983 464 2012 Ira
480 1991 501 2011 1.
516 1983 544 2012 5,
560 1980 813 2019 quemadmodum
825 1980 968 2017 quceclam
981 1980 1051 2008 hos-
1120 1984 1153 2009 ut
1179 1980 1373 2018 explicemus,
1408 1981 1550 2009 elidimus
1561 1992 1570 2010 .·
1603 1982 1649 2010 sic
1682 1983 1821 2020 inqentia

354 2034 426 2063 tilia
444 2034 577 2068 detorta,
598 2035 631 2061 ut
653 2032 856 2069 c0r1·z'9amus,
879 2030 1050 2066 adurimus,
1119 2031 1199 2059 vitia
1223 2040 1331 2068 prava
1360 2031 1467 2060 dolore
1495 2033 1637 2069 corporis
1664 2033 1821 2071 animique

354 2195 464 2229 Plato
492 2194 674 2229 mentions
706 2198 779 2229 two
813 2194 914 2235 ends,
941 2194 1163 2229 amendznent
1196 2195 1270 2228 and
1299 2196 1468 2240 emample,
1501 2195 1644 2229 Taurus
1674 2194 1765 2229 adds
1796 2205 1819 2228 a

354 2252 465 2291 third,
503 2252 722 2285 retribution.
787 2252 837 2286 So
872 2252 1043 2285 Clemens
1070 2251 1351 2286 Alexandrinus.
1414 2251 1592 2286 Aristotle
1618 2251 1723 2286 takes
1754 2251 1819 2286 the

353 2313 425 2343 two
446 2309 559 2342 latter
580 2308 681 2342 ends.
744 2308 924 2342 Plutarch
944 2308 1154 2353 recognizes
1176 2308 1410 2343 retribution.
1471 2308 1555 2342 And
1577 2307 1650 2342 this
1677 2308 1707 2343 is
1731 2319 1818 2354 pro-

354 2366 458 2411 perly
479 2365 576 2398 what
594 2365 771 2399 Aristotle
792 2365 908 2399 refers
929 2368 967 2399 to
985 2365 1192 2410 synallaetic
1208 2366 1353 2410 justice.

431 2426 452 2456 2
489 2422 563 2456 But
589 2421 662 2456 this
689 2425 788 2455 must
807 2422 853 2456 be
870 2433 974 2456 more
994 2422 1176 2468 minutely
1197 2422 1403 2457 examined.
1448 2422 1517 2456 We
1535 2421 1629 2456 shall
1646 2433 1710 2467 say
1727 2421 1818 2456 then

354 2478 436 2513 that
464 2479 502 2512 in
522 2478 763 2524 punishment
787 2479 817 2512 is
838 2478 1021 2523 regarded
1050 2478 1170 2513 either
1191 2479 1255 2513 the
1275 2479 1400 2525 utility
1426 2478 1469 2513 of
1489 2478 1554 2513 the
1576 2479 1753 2521 offender,
1775 2490 1818 2514 or

354 2535 397 2569 of
413 2535 490 2569 him
510 2535 591 2569 who
612 2535 741 2569 suffers
762 2535 811 2580 by
832 2535 897 2569 the
919 2536 1066 2576 offense,
1090 2546 1132 2569 or
1149 2535 1192 2569 of
1205 2547 1357 2581 persons
1379 2536 1416 2569 in
1436 2535 1600 2581 general.

427 2593 512 2626 VII.
564 2596 581 2625 1
618 2592 672 2625 ΤΟ
698 2591 762 2626 the
782 2592 862 2625 first
888 2592 930 2626 of
947 2592 1053 2626 these
1075 2592 1177 2632 ends,
1200 2593 1364 2637 pertains
1389 2592 1629 2637 punishment
1642 2591 1760 2626 which
1787 2592 1815 2626 is

354 2649 473 2682 called
493 2649 761 2693 reformatory:
795 2649 837 2682 of
853 2648 971 2683 which
993 2649 1143 2690 Paulus,
1161 2649 1350 2690 Plutarch,
1375 2649 1448 2683 and
1466 2648 1574 2683 Plato
1595 2649 1730 2694 speak3
1752 2648 1815 2682 the

355 2705 476 2747 object
498 2705 540 2738 of
566 2705 683 2739 which
704 2705 734 2738 is
759 2708 797 2739 to
824 2706 932 2739 make
956 2717 978 2739 a
1001 2706 1125 2739 better
1149 2717 1235 2739 man
1268 2706 1310 2740 of
1335 2706 1399 2740 the
1421 2705 1599 2740 offender.
1673 2705 1748 2739 For
1775 2716 1814 2738 as

354 2761 530 2804 repeated
551 2765 627 2794 acts
647 2761 758 2805 beget
778 2761 911 2801 habits,
933 2762 1030 2796 vices
1055 2773 1118 2796 are
1136 2766 1174 2796 to
1200 2762 1247 2797 be
1272 2763 1385 2797 cured
1406 2763 1454 2808 by
1479 2762 1608 2806 taking
1631 2772 1733 2806 away
1749 2761 1814 2795 the

355 2816 524 2861 pleasure
544 2816 661 2850 which
682 2817 770 2863 they
791 2818 909 2863 bring,
930 2819 1003 2852 and
1020 2820 1170 2864 putting
1190 2820 1277 2865 pain
1298 2819 1356 2853 for
1383 2819 1480 2853 their
1504 2821 1709 2852 sweetness.
1763 2818 1812 2853 So
