2018 3204
896 301 1086 344 CAPUT
1123 299 1262 342 XVII.

393 417 460 451 DE
494 414 679 449 DAMNO
713 414 813 447 PER
847 413 1099 447 INJURIAM
1132 410 1282 451 DATO,
1315 410 1379 444 ET
1414 407 1762 444 OBLIGATIONE

824 470 945 511 QUAE
978 470 1104 504 INDE
1138 468 1346 503 ORITUR.

1129 569 1234 603 XIV.
1254 568 1302 602 In
1322 579 1357 602 co
1376 568 1436 613 qui
1453 567 1558 602 alteri
1576 566 1648 600 vim
1667 565 1811 600 intulit.-

1142 627 1229 660 XV.
1255 626 1303 659 In
1320 625 1480 659 adultero
1499 631 1529 659 et
1544 628 1745 669 stupratore
1757 635 1767 655 .-

1133 683 1237 717 XVI.
1260 683 1416 726 Insui-e,
1434 688 1589 727 raptore,
1608 685 1639 714 et
1656 679 1738 713 aliis
1751 691 1762 712 .·

1119 740 1244 774 XVII.
1256 739 1303 772 In
1316 750 1351 772 eo
1363 739 1423 784 qui
1433 749 1578 773 causam
1585 735 1814 782 promissioni

401 573 431 607 Ι.
487 572 641 617 Culpam
663 570 819 615 obliqare
836 571 886 604 aol
904 570 1044 605 restitu-

488 629 614 663 tionem
631 628 767 662 damni.

387 688 439 722 II.
485 687 677 721 Damnum
687 685 836 729 ioztettiyi
848 685 942 730 quod
952 696 1044 729 puy-

486 749 552 777 ‘nat
572 754 652 777 cum
664 743 749 788 jure
764 743 880 776 stricte
901 742 1003 776 dicto.

380 801 449 836 ΙΙΙ.

381 972 448 1008 IV.

393 1087 440 1121 V.

384 1143 452 1177 VI.

373 1257 460 1290 VII.

361 1313 468 1347 VIII.

381 1427 451 1462 IX.

390 1484 440 1518 X.

486 800 663 835 Aecurate
680 799 966 844 (listinyuenolam
979 810 1043 843 ap-

487 857 671 892 titudinem
683 857 796 902 ajuro
808 856 924 890 stricte
941 856 1044 896 dicto,

488 915 547 949 ubi
563 919 781 948 concurrunt
793 926 803 946 .-

489 972 679 1006 Damnum
696 976 726 1005 et
742 971 792 1004 acl
800 971 950 1018 fructus
960 981 1044 1016 per-

488 1030 604 1063 tinere.

487 1085 549 1120 Ad
560 1086 700 1119 lucrum
708 1095 841 1119 cessans
852 1083 1045 1129 quomodo?

489 1144 679 1177 Damnum
690 1141 955 1187 ‹laresacientes
962 1141 1043 1186 pri-

489 1200 605 1234 mario
618 1211 629 1232 .·

488 1257 540 1290 Et
554 1255 760 1290 secundario
775 1268 785 1287 .-

490 1315 580 1348 Item
599 1325 671 1347 non
680 1312 855 1357 facientes
876 1312 970 1357 quod
990 1312 1045 1345 cle-

491 1372 589 1405 bent:
606 1369 799 1415 primario,

489 1427 526 1461 E
530 1433 541 1461 t
557 1426 765 1461 secundario
779 1438 790 1458 .·

492 1484 618 1527 Qualis
638 1483 789 1529 efficacia
809 1482 905 1517 circa
927 1488 1046 1516 actum

490 1542 540 1575 ad
558 1542 619 1576 hoc
635 1540 855 1586 requiratur.

1258 796 1351 830 dedit
1367 807 1435 841 per
1455 796 1575 829 dolum
1596 799 1659 828 aut
1683 798 1814 827 metum

1257 854 1440 899 injustiam.

1114 911 1258 946 XVIII.
1279 910 1376 952 Quid
1391 910 1421 944 si
1445 915 1539 944 metu
1547 909 1643 955 justo
1660 911 1814 941 natura-

1258 968 1337 1002 liter
1349 967 1366 1000 ,9

1129 1026 1238 1060 XIX.
1262 1025 1359 1067 Quid
1378 1025 1418 1060 de
1434 1030 1527 1059 'metu
1543 1035 1643 1069 quem
1655 1023 1717 1068 jus
1731 1034 1815 1069 yen-

1259 1083 1347 1116 tium
1360 1094 1430 1128 pro
1439 1083 1536 1128 justo
1554 1081 1651 1116 habet
1662 1079 1680 1113 ‚P

1142 1141 1233 1174 XX.
1257 1140 1448 1174 Potestates
1459 1140 1572 1174 civiles
1585 1144 1755 1184 quatenus
1766 1143 1813 1171 te-

1257 1202 1412 1230 neantur
1431 1209 1471 1231 em
1491 1198 1623 1230 damno
1641 1206 1708 1240 per
1733 1195 1813 1228 sub-

1258 1255 1347 1288 ditos
1373 1255 1479 1288 clato.-
1509 1254 1570 1287 ubi
1598 1252 1742 1298 qucestio
1774 1252 1814 1285 de

1253 1311 1390 1356 prceclis
1415 1311 1454 1345 iri
1473 1310 1571 1343 mari
1591 1309 1677 1343 actis
1700 1309 1740 1342 in
1759 1320 1814 1342 so-

1258 1368 1327 1402 cios
1357 1374 1480 1402 contra
1508 1366 1698 1412 imperium
1721 1366 1814 1411 pub-

1259 1425 1376 1459 licum.

1134 1481 1242 1515 XXI.
1261 1481 1492 1515 Naturaliter
1511 1491 1552 1514 ex
1570 1479 1738 1514 animalis
1759 1479 1815 1513 sui

1259 1545 1323 1572 aut
1361 1538 1463 1572 navis
1498 1549 1572 1572 suoe
1597 1538 1705 1582 facto
1742 1537 1816 1571 siue

1259 1596 1366 1641 culpa
1383 1595 1555 1629 neminem
1572 1594 1690 1629 teneri.

1123 1652 1252 1688 XXII.
1263 1652 1452 1687 Damnum
1479 1651 1572 1693 clari,
1595 1657 1625 1686 et
1651 1651 1817 1686 adversus

1248 1712 1400 1758 famam
1422 1715 1452 1743 et
1476 1710 1651 1751 honorem,
1675 1714 1706 1744 et
1730 1719 1816 1753 quo-

1259 1768 1361 1801 modo
1378 1772 1576 1812 reparetur.

376 1598 446 1632 XI.
489 1599 566 1641 Quo
584 1599 705 1632 ordine
723 1602 916 1632 teneantur.

374 1655 463 1689 XII.
492 1655 748 1701 Obliyationem
777 1654 913 1688 extendi
941 1653 1046 1688 etiam

490 1713 540 1746 aol
554 1714 729 1746 damnum
745 1722 960 1756 consequens.

363 1768 474 1803 XIII.
492 1769 709 1814 Exemplum
726 1769 764 1802 in
781 1768 956 1802 homicida
968 1779 979 1800 .·

349 1861 382 1903 I.
489 1860 646 1904 UPRA
684 1859 861 1902 diximus
899 1859 999 1915 ejus,
1040 1859 1149 1914 quod
1184 1859 1301 1901 nobis
1341 1859 1528 1909 debetur,
1561 1858 1696 1900 fontes
1727 1872 1817 1900 esse

519 1933 617 1976 tres,
658 1925 901 1982 pactionem,
944 1924 1198 1973 maleficium,
1238 1925 1383 1981 legem.
1454 1926 1521 1965 De
1561 1923 1817 1979 pactionibus

346 1993 446 2036 satis
469 1998 706 2036 tractatum.
741 1990 965 2034 Veniamus
988 1990 1042 2031 ad
1066 1990 1107 2031 id
1137 1990 1246 2045 quod
1271 2005 1323 2031 ex
1350 1989 1546 2031 maleficio
1571 1989 1816 2031 naturaliter

1116 2100 1282 2138 Aquiliam
1298 2103 1330 2129 et
1344 2100 1460 2129 vicinas
1475 2101 1625 2131 rubricas.

1176 2149 1185 2167 ¹
1210 2150 1338 2186 Confer,
1368 2150 1400 2178 in
1421 2153 1490 2179 toto
1517 2151 1578 2179 isto
1606 2151 1720 2188 capite,
1747 2151 1816 2180 Pn-

1115 2208 1345 2228 FENDORHUM
1361 2203 1515 2237 nostrum,
1532 2201 1585 2230 De
1599 2202 1681 2230 Jure
1693 2201 1772 2230 Nat.
1788 2203 1817 2230 et

1119 2249 1208 2278 Gent.
1224 2249 1294 2278 Lib.
1310 2258 1362 2278 111.
1379 2259 1449 2286 cap.
1463 2253 1490 2279 l.
1532 2251 1567 2280 J.
1583 2251 1625 2280 B.

1176 2298 1189 2319 b
1209 2298 1367 2328 Damnum
1379 2300 1469 2338 forte
1488 2309 1509 2328 α
1529 2300 1672 2329 demendo
1687 2299 1816 2338 dictum]

406 2110 420 2125 a
439 2104 494 2133 Ex·
509 2104 568 2133 tali
585 2104 678 2141 culpa
693 2102 843 2140 obliqatio
859 2100 1049 2130 naturaliter

347 2153 463 2191 oritur]
493 2153 638 2190 Ἀμελὶου
662 2152 732 2186 δίκη
760 2151 890 2180 Graecis.
935 2150 1049 2188 [Apud

349 2204 570 2239 Hnsrcnmm,
591 2202 645 2239 qui
659 2201 800 2238 exponit,
819 2200 933 2238 ζημιόυ
948 2199 1049 2234 δίκην.

347 2253 383 2283 J.
397 2252 456 2290 B.]
500 2252 582 2281 Vide
597 2252 628 2280 in
645 2250 854 2280 decretalibus
869 2249 998 2278 titulum
1014 2249 1051 2277 de

348 2302 467 2339 injuria
481 2305 509 2331 et
523 2301 636 2330 damno
651 2300 735 2336 dato,
759 2302 791 2329 et
805 2298 948 2337 Digestis
969 2298 1013 2327 act
1027 2298 1048 2327 l.

434 2469 615 2503 CHAPTER
638 2467 764 2502 XVII.
817 2465 877 2511 Os
888 2466 1055 2511 Damaye
1075 2466 1159 2499 with
1181 2466 1329 2512 1Vr0nq,
1351 2467 1426 2500 and
1442 2468 1495 2501 the
1518 2466 1721 2512 Obliyatz‘on

938 2524 1052 2558 thence
1072 2523 1221 2568 arisiizy.

420 2604 450 2639 Ι.
500 2604 570 2637 We
586 2602 680 2637 have
702 2602 780 2637 said
801 2602 918 2637 above
939 2602 1021 2637 that
1042 2602 1148 2637 there
1168 2613 1232 2637 are
1252 2602 1359 2638 three
1386 2614 1533 2638 sources
1556 2603 1599 2638 of
1615 2603 1722 2638 debts
1743 2602 1816 2637 due

347 2664 387 2695 to
408 2672 470 2701 us3
501 2661 605 2700 Pact,
626 2660 778 2704 XVrong‚
799 2659 898 2693 Law.
951 2659 1004 2693 Of
1021 2664 1125 2705 pacts
1149 2671 1204 2694 we
1221 2659 1315 2694 have
1333 2661 1554 2706 sufficiently
1571 2660 1735 2695 treated:
1763 2670 1816 2694 we

349 2728 452 2750 come
472 2722 510 2750 to
531 2717 628 2750 what
645 2716 695 2761 by
713 2716 873 2750 Natural
892 2717 980 2750 Law
995 2717 1025 2750 is
1047 2717 1119 2750 due
1138 2727 1185 2751 on
1203 2720 1361 2751 account
1379 2717 1422 2751 of
1438 2717 1591 2762 Wrong.
1638 2717 1707 2750 We
1722 2716 1816 2750 have

349 2773 457 2816 given
475 2773 538 2806 the
559 2784 668 2806 name
683 2773 725 2806 of
740 2785 863 2817 wrony
879 2777 917 2807 to
940 2784 1050 2819 every
1071 2773 1177 2814 fault,
1198 2774 1318 2808 either
1331 2774 1374 2807 of
1390 2774 1503 2818 doing
1520 2785 1561 2808 or
1574 2773 1617 2808 of
1633 2773 1818 2812 omission,

351 2828 470 2861 which
488 2829 516 2862 is
534 2833 572 2862 at
592 2830 763 2863 varianee
784 2829 872 2863 with
889 2830 989 2864 what
1006 2841 1092 2864 men
1110 2830 1227 2875 ought
1244 2834 1283 2865 to
1302 2830 1360 2869 do,
1383 2830 1503 2864 either
1524 2841 1571 2864 on
1592 2829 1656 2863 the
1673 2829 1819 2874 ground

357 2884 400 2919 of
416 2884 514 2919 their
534 2895 706 2919 common
727 2886 944 2928 connexion,
971 2897 1013 2921 01·
1039 2887 1082 2922 of
1099 2897 1202 2923 some
1229 2887 1366 2933 special
1395 2886 1548 2933 quality.
1597 2886 1709 2920 From
1730 2885 1820 2921 such
