2018 3204
118 1789 178 1814 Lib.
188 1790 215 1814 ii.
227 1790 249 1815 1.

883 300 1073 343 CAPUT
1106 301 1248 343 XXII.

791 424 860 458 DE
891 424 1069 461 OAUSIS
1100 425 1341 461 INJUSTIS.

393 536 422 571 Ι.
476 535 695 581 Explicatur
724 536 910 571 discrimen
940 537 1032 571 inter

479 604 605 627 causas
639 593 815 640 justificas
845 599 876 628 et
910 605 1030 628 suaso-

477 661 564 684 rias.

381 707 429 741 ΙΙ.
474 707 592 749 Bella,
618 718 697 752 quoe
728 713 874 753 utroque
905 719 1031 742 causa-

476 775 560 798 rum
591 775 712 810 yeuere
743 771 875 807 carent,
901 765 1032 810 serina

477 832 554 856 esse.

370 877 440 912 ΙΙΙ.
476 878 594 920 Bella,
612 890 691 923 quoe
706 878 888 913 suasorias
904 890 1030 913 causas

478 935 614 976 habeut,
649 947 721 970 uon
751 936 937 982 justificas,
967 947 1033 972 esse

474 993 700 1037 proedouum.

370 1048 437 1083 IV.
481 1049 666 1091 Quasdam
695 1059 761 1083 esse
789 1061 924 1090 causas,
953 1062 1032 1095 quoe

469 1106 615 1150 salsam
649 1107 799 1141 habeant
830 1107 921 1152 justi
955 1118 1030 1152 spe-

482 1163 589 1196 ciem.-

382 1218 429 1252 V.
486 1219 532 1253 Ut
551 1225 681 1253 metum
700 1218 873 1253 incertum
887 1232 898 1252 .-

365 1275 433 1309 VI.
480 1275 673 1309 Utilitatem
689 1276 761 1309 sine
780 1276 973 1310 necessitate
985 1288 996 1309 .-

362 1332 450 1366 VII.
475 1332 654 1377 Neyatum
688 1332 958 1366 matrimonium
993 1332 1032 1366 in

477 1401 613 1434 magma
623 1389 868 1434 foemz‘uarum
884 1389 985 1434 copia
996 1401 1007 1421 .·

348 1446 455 1480 VIII.
478 1445 714 1492 Cupiditatem
729 1446 882 1480 melioris
901 1446 987 1480 soli:

368 1503 438 1538 IX.
478 1503 718 1537 Iizveutionem
742 1514 863 1536 rerum
883 1513 1033 1548 occupa-

476 1566 598 1594 tarum
618 1561 663 1594 ab
679 1559 771 1594 aliis.

375 1616 426 1651 X.
477 1616 574 1659 Quid
595 1617 626 1651 si
647 1617 786 1661 priores
811 1621 1033 1662 occupatores

477 1680 627 1709 amentes
646 1674 715 1708 siut
728 1673 746 1707 9

1135 537 1205 572 ΧΙ.
1242 537 1421 583 Injustam
1442 547 1588 571 causam
1611 547 1677 571 esse
1695 542 1726 571 et
1753 536 1797 571 li-

1245 593 1385 628 bertatis
1405 593 1614 628 desiderium
1629 593 1669 628 in
1679 605 1798 640 popu-

1246 651 1278 684 lo
1298 650 1433 685 subdito
1447 663 1458 684 .-

1125 708 1214 742 XII.
1243 707 1295 741 Et
1314 707 1530 742 voluntatem
1549 707 1694 752 regendi
1709 708 1799 742 alios

1243 764 1369 798 invitos
1409 764 1512 809 quasi
1551 764 1603 798 acl
1639 764 1800 809 ipsorum

1244 822 1383 855 bonum.

1113 878 1223 913 XIII.
1243 878 1333 912 Item
1350 878 1496 912 titulum
1510 877 1720 912 zcuiversalis
1731 877 1798 911 im-

1240 935 1336 980 perii
1359 946 1460 980 quem
1489 935 1636 980 quidam
1665 934 1799 969 adscri-

1246 993 1331 1026 bunt
1347 992 1575 1037 Imperatori,
1589 992 1650 1037 qui
1669 991 1798 1040 refelli-

1245 1054 1327 1082 tur.-

1117 1105 1224 1140 XIV.
1246 1104 1325 1139 Alii
1357 1105 1536 1146 Ecclesiae,
1557 1104 1618 1150 qui
1638 1104 1719 1139 item
1742 1114 1799 1138 re-

1235 1162 1393 1209 scllitur.

1127 1219 1214 1253 XV.
1247 1219 1338 1252 Item
1376 1219 1591 1252 voluntatem
1628 1217 1800 1262 implendi

1245 1275 1416 1310 vaticinia
1435 1275 1507 1309 sine
1526 1274 1598 1309 Dei
1613 1275 1796 1308 mandato.

1119 1332 1224 1366 XVI.
1245 1332 1335 1366 Item
1368 1332 1408 1365 icl
1436 1332 1531 1376 quod
1564 1331 1704 1365 debetur
1727 1342 1800 1364 nou

1246 1400 1286 1422 ea·
1303 1389 1387 1434 jure
1409 1388 1524 1422 stricte
1540 1387 1642 1430 dicto,
1657 1388 1716 1422 sed
1730 1387 1800 1422 ali-

1245 1446 1348 1479 urmle.

1104 1502 1230 1536 XVII.
1245 1502 1437 1536 Dis-tinctio
1465 1501 1544 1535 belli
1567 1501 1665 1548 cujus
1691 1512 1802 1535 causa

1247 1559 1392 1605 injusta,
1423 1564 1454 1592 et
1477 1559 1547 1604 ejus
1573 1557 1632 1592 cui
1657 1557 1802 1592 aliunde

1247 1615 1374 1649 vitium
1413 1615 1567 1649 accedit.-
1607 1620 1639 1649 et
1673 1614 1801 1649 diversi

1248 1673 1430 1717 utriusque
1448 1672 1593 1717 effectus.

338 1783 372 1824 Ι.
417 1784 442 1823 1
566 1783 777 1824 IXIMUS
810 1796 946 1837 supra,
973 1796 1064 1823 cum
1095 1781 1147 1824 de
1171 1780 1302 1823 causis
1330 1795 1456 1838 agere
1484 1780 1800 1830 institueremus,

589 1862 730 1889 causas
752 1847 854 1888 alias
877 1861 964 1888 esse
982 1846 1192 1902 justificas,
1218 1847 1318 1889 alias
1341 1846 1554 1889 suasorias.
1589 1845 1800 1902 Polybius,

339 1912 409 1970 qui
432 1912 474 1954 id
503 1912 720 1954 discrimen
751 1911 909 1968 primus
939 1912 1110 1962 notavit,
1135 1912 1248 1954 aillas
1280 1917 1399 1954 vocat
1422 1909 1681 1973 προφάσεις,
1705 1910 1802 1966 quia

395 2031 409 2047 ὃ
428 2026 511 2055 Illas
524 2027 613 2055 vocat
623 2024 822 2063 προφάσεις,
838 2024 915 2062 quia
924 2024 1036 2062 palam

333 2076 475 2114 proferri
488 2075 595 2112 solent,
615 2074 755 2112 (titulum
772 2073 853 2102 dimit
870 2073 1037 2111 aliquoties

335 2125 464 2163 Livius)
481 2126 540 2154 has
555 2125 677 2163 yeneris
692 2124 811 2152 nomine
834 2122 961 2161 αἰτίας]
986 2123 1037 2152 Sic

336 2179 369 2205 et
383 2175 572 2204 Plutarchus
587 2173 755 2212 distinguit
768 2173 800 2202 in
818 2173 929 2209 Galba,
946 2172 1035 2211 (pag.

336 2226 412 2256 1062
436 2225 487 2263 D.)
512 2228 544 2254 et
571 2225 659 2253 Dion
681 2224 714 2252 in
736 2223 831 2252 rebus
854 2222 988 2252 Caesaris
1005 2225 1037 2252 et

336 2275 498 2313 Pompeii:
523 2274 592 2313 [aut
617 2273 724 2312 potius
750 2272 907 2310 Xiphilin.
933 2282 964 2310 p.
986 2274 1033 2301 13.

337 2325 403 2354 Ed.
423 2325 468 2353 Η.
493 2323 618 2362 Steph.]
650 2325 682 2352 et
719 2322 877 2361 Polybius,
907 2322 962 2350 ubi
997 2322 1036 2351 de

335 2375 553 2404 Romanorum
573 2373 657 2402 bello
680 2372 713 2400 in
732 2371 858 2409 Illyrios
881 2371 959 2409 agit,
980 2380 1035 2400 ex-

336 2427 445 2461 cerpto
459 2423 655 2461 legationum
670 2421 738 2450 125.
782 2420 863 2450 Cum
881 2420 1033 2448 Suetonio

335 2475 421 2501 reete
442 2472 512 2500 illas
528 2473 726 2509 proeteoetum,
748 2470 804 2498 has
831 2478 945 2498 causas
966 2469 1036 2497 dix-

336 2522 407 2551 eris.
449 2522 501 2550 Ita
515 2520 598 2550 enim
613 2520 666 2548 ille
683 2519 722 2548 de
739 2518 760 2548 J
764 2518 827 2547 ulio
844 2518 985 2547 Caesare:
1007 2520 1037 2546 et

332 2573 516 2608 proeteoetum
530 2569 651 2608 quidem
661 2568 710 2597 illi
723 2567 861 2596 civilium
875 2575 1033 2596 armorum

1103 2025 1254 2063 hocfitz't:
1279 2034 1392 2054 causas
1406 2027 1507 2053 autem
1520 2023 1605 2053 alias
1610 2023 1718 2062 fuisse
1731 2023 1800 2061 opi-

1103 2078 1228 2111 nantur,
1266 2074 1352 2113 (cap.
1377 2072 1446 2110 30.)
1495 2073 1695 2112 Thucydides
1726 2072 1802 2101 alibi

1104 2124 1271 2162 distinguit
1284 2123 1459 2161 πρόφασιν
1472 2125 1504 2152 et
1518 2123 1559 2151 τὸ
1574 2121 1703 2157 ἀληθὲς,
1717 2122 1800 2160 (Lib.

1104 2182 1151 2204 VI.
1166 2183 1192 2204 c·
1208 2174 1258 2211 6):
1280 2176 1316 2201 ut
1330 2173 1362 2201 in
1378 2172 1620 2202 Atheniensium
1640 2174 1728 2201 motu
1744 2172 1799 2200 ad-

1104 2232 1212 2252 versus
1225 2222 1370 2258 Siciliam,
1380 2223 1569 2260 praetextum
1578 2220 1640 2249 fuit
1653 2220 1803 2259 opitulari

1105 2272 1285 2310 Egestanis,
1317 2280 1368 2300 res
1393 2271 1470 2309 ipsa,
1507 2270 1662 2308 cupiditas
1690 2270 1802 2299 Siciliae

1105 2319 1164 2347 sibi
1185 2318 1394 2356 acquirendae.
1436 2317 1659 2346 Hermocrates
1680 2315 1713 2344 in
1731 2325 1803 2345 ora-

1105 2369 1192 2397 tione
1222 2368 1261 2396 de
1293 2366 1542 2396 Atheniensibus
1565 2366 1699 2404 loquens
1724 2366 1803 2395 fflud

1104 2418 1282 2456 πρόφασιν
1295 2419 1485 2455 praetextum
1495 2419 1596 2454 vocat,
1607 2417 1667 2445 hoc
1682 2416 1802 2446 διάνοι-

1105 2479 1145 2496 αν
1164 2467 1372 2504 propositum.
1415 2466 1594 2504 Utrumque
1608 2468 1656 2495 est
1675 2465 1708 2494 iu
1720 2465 1803 2495 libro

1106 2515 1297 2553 Thucydidis
1311 2523 1360 2544 Vl.
1387 2514 1597 2553 [postremum
1618 2513 1652 2542 in
1669 2523 1738 2552 cap.
1751 2515 1800 2544 33.

1105 2564 1160 2594 ubi
1179 2567 1286 2594 tamen
1305 2566 1353 2593 est
1368 2563 1499 2601 ἀληθὲς,
1520 2563 1603 2592 utin
1622 2562 1720 2602 priori
1734 2562 1802 2592 διά-

582 2736 763 2770 CHAPTER
788 2735 919 2769 XXII.

973 2734 1030 2782 Of
1042 2734 1162 2780 uujust
1181 2731 1307 2767 Causes
1324 2732 1370 2778 os
1387 2731 1492 2766 War.

415 2813 446 2846 Ι.
509 2817 527 2847 1
564 2814 634 2848 We
651 2813 745 2848 have
765 2813 845 2848 said
865 2812 994 2853 above,
1013 2811 1121 2846 when
1141 2821 1195 2845 we
1210 2810 1331 2855 began
1347 2813 1387 2844 to
1408 2813 1506 2844 ‘creat
1525 2808 1568 2843 of
1582 2808 1647 2843 the
1670 2816 1800 2842 causes

340 2868 383 2902 of
414 2879 500 2909 war,
531 2868 614 2902 that
643 2880 744 2903 some
770 2880 833 2903 are
853 2869 1101 2914 justificatory
1126 2878 1168 2901 or
1190 2866 1397 2912 justifying,
1433 2876 1534 2900 some
1574 2874 1726 2908 suasory
1759 2872 1801 2896 or
