2018 3204
179 139 268 174 CAP.
289 135 435 178 XXII]
627 135 694 169 DE
727 134 904 170 CAUSIS
934 134 1174 170 INJUSTIS.
1550 129 1631 169 383

179 245 385 288 Velleius:
425 245 536 286 bella
566 258 649 286 non
681 246 823 286 causis
862 244 990 291 inita,
1028 244 1102 284 secl
1132 249 1267 297 prout
1301 256 1444 283 eorum
1476 256 1631 284 merces
1649 259 1707 284 Lib.
1720 259 1748 284 ii.
1761 260 1784 284 e.

165 313 275 368 fuit.
344 309 472 366 Apud
497 309 732 351 Ciceronem
763 308 934 366 legimus
957 310 1010 351 cle
1038 309 1197 364 Officiis
1219 306 1373 363 primo:
1410 321 1462 349 ea
1493 309 1632 349 animi
1648 322 1712 353 cap.
1727 323 1764 347 19.

179 379 320 426 elatio,
359 391 452 432 quae
487 377 677 418 cernitur
711 377 759 416 in
789 375 1001 430 periculis
1036 382 1075 416 et
1115 374 1344 422 laboribus,
1381 374 1422 415 si
1450 373 1632 427 justitia

179 451 320 492 vacat,
357 457 444 484 non
472 443 594 483 modo
628 442 803 483 virtutis
830 455 914 481 non
943 447 1015 488 est,
1050 441 1124 482 secl
1137 440 1288 494 potius
1315 441 1336 468 g
1343 440 1633 481 immanitatis

180 523 341 551 omnem
385 508 695 549 humanitatem
737 506 983 561 repellentis.
1046 504 1302 546 Andronicus
1341 504 1555 546 Rhodius:
1594 504 1632 548 οἱ
1650 514 1684 548 ‚1²2
1698 514 1758 537 Em·
1775 513 1836 538 Nic-

180 574 390 632 μεὙάλων
411 571 536 616 ἕνεκα
560 566 711 631 κερδῶν
736 567 1040 625 λαμβάνοντες
1063 568 1161 614 ὅθεν
1184 567 1231 613 οὗ
1255 566 1330 620 δεῖ,
1357 570 1534 631 πονηροὶ
1561 590 1630 614 και

182 637 363 695 ἀσεβεῖς
398 637 466 682 καὶ
500 632 631 681 ἄδικοι
663 638 904 680 καλοῦνται·
940 637 1019 680 οἶοί
1048 637 1154 680 εἰσιν
1182 635 1222 679 oi
1249 633 1464 696 τύραννοι,
1491 635 1556 680 καὶ
1592 640 1631 680 οἱ

182 703 266 750 τοῖς
291 703 439 749 πόλεις
463 703 739 763 πορθοῦντες·
778 705 853 758 qui
881 703 1029 757 maqni
1056 704 1293 758 compendii
1316 704 1385 745 sui
1407 717 1542 745 causa
1563 717 1634 745 ac-

181 773 348 827 cipiunt
364 772 476 813 uncle
492 784 575 812 non
597 777 770 825 oportet,
791 770 838 810 lii
850 770 997 824 pravi,
1020 770 1156 823 impii,
1175 769 1326 822 injusti
1341 769 1633 823 appellantur,

181 833 355 894 hquales
375 844 474 879 sunt
498 837 674 890 tyranni
697 843 736 877 et
758 836 929 876 urbium
952 842 1202 876 vastatores.

278 903 352 946 IV.
410 901 492 943 Alii
514 915 654 943 causas
676 900 791 956 quasi
807 899 1004 956 justificas
1026 900 1231 949 adferunt,
1256 914 1348 955 quae
1372 913 1562 955 expensae
1581 898 1636 941 ad

180 974 336 1011 rectam
366 967 566 1009 rationem
596 966 757 1023 injustae
781 965 1069 1022 reperiuntur:
1104 971 1158 1014 et,
1189 971 1236 1007 ut
1265 965 1406 1007 Livius
1439 964 1634 1020 loquitur,

1621 569 1629 581 1
1649 551 1684 568 ιν.
1696 545 1718 567 2.
1733 551 1758 575 p.
1769 544 1822 568 202.

180 1049 262 1076 non
283 1039 489 1076 certamen
504 1032 622 1088 juris,
651 1032 723 1074 sed
746 1031 827 1073 vim
852 1031 980 1086 quaeri
1000 1036 1186 1087 apparet.
1244 1032 1382 1088 Reges
1405 1030 1633 1086 plerosque,
1653 1039 1711 1064 Lib·
1725 1039 1817 1064 xxi-6-

180 1100 238 1143 ait
258 1100 515 1149 Plutarchus,
540 1098 697 1141 duobus
717 1097 958 1146 nominibus,
978 1096 1088 1152 pacis
1111 1102 1153 1138 et
1170 1097 1278 1147 belli,
1302 1102 1497 1152 tanquam
1520 1111 1635 1138 num·
1652 1102 1737 1164 Kisa)

180 1165 256 1207 mis
283 1165 356 1215 uti,
380 1179 463 1206 non
490 1164 544 1206 ad
572 1164 614 1206 id
644 1163 753 1219 quod
779 1163 936 1219 justum
959 1168 1033 1211 est,
1059 1162 1130 1204 sed
1160 1162 1214 1204 ad
1244 1162 1287 1204 id
1319 1162 1428 1218 quod
1455 1162 1634 1218 expedit.

182 1232 285 1282 Quae
314 1236 456 1273 autem
489 1230 569 1272 sint
608 1243 740 1271 causae
775 1228 949 1285 injustae,
985 1227 1172 1285 cognosci
1209 1227 1465 1284 aliquatenus
1501 1234 1636 1283 potest

178 1311 230 1339 ex
264 1296 386 1353 justis
420 1295 548 1338 causis
583 1310 684 1352 quas
718 1296 915 1337 hactenus
949 1293 1251 1349 explicavimus.
1320 1293 1496 1335 Rectum
1529 1293 1636 1336 enim

177 1362 328 1419 obliqui
363 1368 426 1405 est
467 1361 604 1404 index,
670 1361 752 1404 Sed
789 1359 1089 1417 perspicuitatis
1129 1373 1252 1402 causa
1289 1373 1447 1401 summa
1482 1373 1638 1416 genera

175 1428 474 1471 annotabimus.

173 1546 207 1574 in
221 1545 415 1583 Decaloqztm
428 1555 438 1574 .-
463 1543 536 1573 {iu-ot
558 1543 670 1573 τοίνυν
684 1544 751 1572 τῶν
766 1543 870 1572 κλεπ-
932 1551 1096 1580 poenarum
1113 1541 1224 1577 securi,
1239 1541 1323 1579 quod
1340 1550 1440 1579 snpra
1460 1540 1540 1580 leqes
1560 1541 1636 1571 emi-

174 1595 243 1623 τῶν
267 1595 364 1632 ἰσχὺν
390 1592 615 1631 προσέλαβον,
641 1591 721 1621 ὅλας
743 1592 870 1620 numm
938 1601 1008 1620 nere
1024 1591 1198 1620 videantur.
1245 1591 1336 1620 Tales
1349 1593 1419 1619 suut
1431 1591 1566 1619 homines
1587 1591 1635 1619 in-

173 1643 303 1680 πόλεις,
331 1643 533 1681 ἅλογοῦντες
559 1642 735 1678 τιμωριῶν,
757 1639 808 1669 ota*
830 1640 871 1668 τὸ
938 1641 1027 1679 yenio
1042 1641 1164 1669 minime
1185 1641 1282 1676 civili,
1303 1640 1513 1669 dominatuum
1533 1644 1561 1669 et
1575 1651 1636 1679 po-

175 1691 422 1729 ἐπικυὸἑστεροι
436 1692 502 1719 τῶν
516 1689 620 1727 νόμων
643 1690 725 1718 εἶναι
746 1689 867 1718 δοκεῖν·
939 1693 1071 1718 tentatus
1092 1690 1189 1726 avidi,
1211 1690 1433 1728 maynajilrla
1453 1691 1637 1719 committen-

176 1742 267 1771 οὗτοι
287 1741 321 1770 δέ
342 1742 423 1770 εἰσιν
444 1739 473 1769 οἰ
495 1738 707 1777 ὀλιγαρχικοὶ
727 1738 788 1767 τάς
809 1738 872 1775 ‹pt-
940 1742 995 1776 tes,
1020 1739 1074 1777 qui
1096 1739 1242 1777 pulchris
1269 1740 1442 1768 nominibus
1467 1740 1638 1778 maqistra-

177 1803 256 1829 σεις,
272 1791 301 1821 oi.
316 1790 504 1829 τυραννίδος
520 1789 574 1818 καὶ
589 1789 786 1818 δυναστειῶν
801 1789 874 1818 ἐπι·
941 1791 1026 1817 tuum
1053 1792 1080 1817 el
1107 1788 1307 1826 imperiorum
1334 1789 1370 1817 id
1394 1789 1534 1827 obiequnt
1556 1789 1641 1828 quod

177 1842 364 1879 θυμοῦντες,
377 1839 407 1869 οἱ
421 1839 482 1868 τάς
496 1837 646 1877 μεγάλας
661 1837 874 1876 ἐργαζόμενοι
941 1838 1044 1867 verius
1059 1837 1257 1867 latrocinium
1271 1838 1455 1876 appelletur.
1475 1839 1570 1876 (Pag.
1581 1839 1640 1868 763

179 1890 319 1925 κλοπάς,
351 1891 482 1926 σεμνοῖς
510 1886 649 1925 ὀνόμασι
682 1888 742 1921 τῆς
768 1886 874 1924 α’ρχῆς
943 1895 973 1915 c.
988 1886 1040 1921 D.)
1083 1886 1214 1924 Optime
1229 1887 1422 1916 conveniunt
1436 1887 1502 1916 haec
1517 1897 1587 1916 cum
1601 1887 1640 1916 iis

179 1939 232 1968 καὶ
253 1938 428 1977 ἡγεμονίας
441 1937 703 1973 ἐπικρύπτοντες
715 1935 877 1970 >lna-raian
943 1945 1014 1974 quae
1029 1945 1067 1965 ex
1083 1936 1206 1972 Curtio,
1221 1936 1360 1974 Justino,
1380 1937 1498 1966 Seneca
1519 1940 1552 1966 et
1570 1938 1640 1966 Au-

180 1988 212 2017 or’
233 1987 467 2024 ἀληθέστερον·
501 1985 555 2023 qui
575 1994 646 2014 vero
658 1985 772 2022 furum
793 1985 876 2014 'vires
944 1987 1071 2024 gustino
1086 1987 1242 2025 producta
1255 1990 1330 2017 sunt
1343 1987 1383 2016 ad
1397 1987 1516 2016 dictum
1531 1996 1598 2025 cap.
1611 1988 1641 2023 1,

181 2037 267 2067 nacti
293 2040 372 2073 sunt,
400 2036 433 2065 hi
458 2038 540 2066 totas
563 2034 749 2072 proedantur
775 2035 877 2072 urbes,
945 2035 1008 2073 §L
1023 2036 1094 2064 libri
1110 2036 1213 2074 hujus.

186 2203 261 2238 that
281 2203 326 2250 of
345 2214 369 2236 a
393 2202 479 2247 huqe
506 2201 681 2247 robbery?
719 2201 772 2236 Of
793 2200 884 2235 such
913 2210 1017 2241 wars,
1045 2199 1211 2234 Velleius
1236 2210 1317 2245 says
1341 2199 1431 2246 they
1460 2209 1524 2234 are
1551 2209 1644 2235 wars

186 2266 247 2294 not
272 2259 408 2294 entered
430 2259 504 2292 into
517 2260 588 2303 sor
596 2258 733 2304 justice,
751 2258 885 2304 butfor
912 2257 1010 2302 qaiiz.
1063 2256 1113 2291 So
1135 2256 1264 2291 Cicero
1282 2267 1364 2302 says
1384 2256 1466 2291 that
1485 2256 1646 2302 Com-aye

187 2316 331 2350 without
350 2315 476 2361 justice
503 2320 563 2349 not
590 2315 673 2359 only
701 2314 730 2348 is
756 2320 815 2348 not
846 2325 869 2347 a
896 2319 985 2359 part
1012 2314 1060 2358 of
1081 2314 1204 2355 virtue,
1229 2315 1289 2347 but
1316 2314 1346 2348 is
1385 2325 1434 2347 an
1470 2313 1646 2347 inhuman

188 2378 452 2417 avtravayance.
515 2371 599 2405 And
627 2370 859 2405 Andronicus
885 2370 1053 2405 Rhodius
1073 2370 1204 2415 speaks
1235 2374 1275 2405 to
1302 2370 1366 2404 the
1393 2381 1494 2404 same
1522 2370 1642 2404 effect.

265 2428 330 2462 IV.
394 2426 512 2462 Other
541 2427 689 2472 parties,
716 2428 754 2460 in
785 2427 896 2472 going
920 2430 959 2462 to
984 2437 1068 2468 war,
1097 2427 1215 2472 allege
1235 2427 1482 2473 justificatory
1508 2437 1647 2467 causes,

188 2484 319 2525 which,
330 2483 437 2519 when
454 2484 614 2529 brought
635 2488 673 2518 to
695 2483 759 2519 the
776 2483 951 2518 standard
969 2483 1011 2518 os
1027 2483 1127 2529 right
1146 2495 1289 2525 reason,
1309 2489 1395 2518 turn
1413 2487 1479 2518 out
1499 2483 1646 2528 unjust3

189 2541 264 2576 and
283 2540 373 2575 then
394 2541 424 2574 it
441 2552 607 2586 appears,
627 2551 666 2575 as
686 2541 778 2586 Livy
794 2551 887 2586 says,
903 2540 986 2575 that
1001 2540 1099 2575 what
1118 2541 1149 2575 is
1170 2541 1291 2575 aimed
1312 2545 1351 2575 at
1371 2541 1413 2582 is,
1431 2544 1498 2575 not
1519 2551 1542 2574 a
1562 2539 1647 2574 trial

191 2599 234 2633 of
265 2597 374 2643 right,
400 2597 467 2632 but
500 2597 542 2632 of
565 2597 745 2642 strength.
807 2598 907 2632 Most
936 2597 1054 2643 kings,
1083 2608 1165 2643 says
1191 2597 1381 2639 Plutarch,
1407 2608 1472 2632 use
1490 2596 1553 2631 the
1573 2601 1646 2631 two

190 2665 328 2695 nameS,
344 2665 448 2700 peace
468 2654 541 2688 and
558 2666 647 2696 war,
668 2654 756 2700 only
773 2665 812 2688 as
829 2655 941 2695 coins,
961 2658 1000 2688 to
1021 2665 1190 2699 procure,
1210 2659 1276 2688 not
1298 2654 1395 2688 what
1415 2653 1445 2688 is
1470 2654 1559 2699 just,
1578 2653 1648 2687 but

190 2711 288 2746 what
309 2711 338 2746 is
359 2710 568 2757 expedient.
627 2710 740 2745 What
760 2722 823 2745 are
846 2712 969 2756 unjust
990 2721 1128 2751 causes,
1149 2722 1234 2756 may
1250 2711 1296 2745 be
1322 2711 1456 2745 known
1480 2711 1519 2744 in
1544 2721 1648 2745 some

190 2779 359 2803 measure
390 2767 488 2802 from
521 2767 586 2802 tho
613 2768 691 2813 just
720 2778 846 2802 causes
875 2766 993 2802 which
1017 2778 1071 2802 we
1091 2767 1184 2801 have
1205 2767 1300 2802 been
1318 2767 1548 2813 explaining:
1581 2766 1647 2802 the

191 2825 348 2871 straight
380 2825 454 2860 line
484 2824 514 2860 is
541 2824 605 2860 the
632 2824 741 2859 index
767 2824 809 2859 of
832 2823 929 2858 what
959 2824 988 2858 is
1014 2823 1173 2869 oblique.
1222 2824 1297 2859 But
1320 2824 1380 2860 for
1399 2824 1463 2860 the
1491 2824 1580 2859 sake
1607 2823 1651 2858 of

190 2882 416 2928 perspicuity
437 2892 490 2918 we
511 2880 604 2918 shall
625 2881 733 2916 make
750 2892 851 2916 some
866 2881 1017 2927 general
1043 2880 1220 2916 remarks.

1691 1103 1707 1125 t.
1721 1102 1822 1146 pyr-rh.
